2092 3734
203 217 326 291 ἱ38
782 206 1236 258 T..L1v11

258 299 323 349 ab
346 297 489 348 initio
506 305 626 360 erat,
643 294 705 346 ad
723 299 885 346 Patres
910 295 1146 344 redierat:
1181 293 1330 358 hique
1347 292 1634 356 interregem
1653 290 1750 341 no·⁴

256 377 588 437 grunaver-ant.
641 386 743 437 quo
775 373 976 421 comitia
1009 368 1237 432 habente,
1264 374 1457 417 Ancum
1496 369 1746 417 Marcium

256 466 424 516 regem
446 448 654 515 populus
677 448 891 497 creavit:
929 450 1090 496 Patres
1108 447 1242 495 fuere
1264 444 1501 494 anantes.
1570 447 1749 494 Numae

256 525 488 592 Pompilii
519 524 645 586 regis
679 538 848 589 nepos,
884 523 983 571 filia
1005 534 1162 585 ortus,
1188 528 1350 570 Ancus
1373 522 1589 569 Marcius
1623 530 1746 569 erat.
1767 576 1783 587 „

152 626 157 627 ⁷
256 603 359 667 qui,
393 611 450 650 ut
476 613 678 662 regnare
698 600 860 664 coepit,
896 597 945 648 8<
967 598 1118 647 avitae
1139 592 1304 659 gloriis
1326 612 1533 658 memor,
1557 595 1750 661 &fluia

254 678 540 745 proximum
560 690 778 738 regnum,
797 684 954 723 cetera
977 673 1244 738 egregium,
1268 674 1330 721 ab
1347 688 1445 722 una
1461 683 1597 738 parte
1615 669 1758 720 haud—

257 754 368 805 satis
397 751 685 819 prosperum
716 750 894 812 fuerat,
923 760 1009 797 aut
1029 748 1259 812 negleftis
1290 750 1623 812 religionibug
1660 761 1749 799 aut

257 833 409 897 prave
442 829 608 887 cultis;
643 828 788 889 longe
821 826 1200 891 antiquiffimum
1238 837 1385 890 ratus,
1419 826 1552 875 sacra
1584 826 1749 892 publi-

259 922 332 969 ca,
365 917 421 954 ut
454 905 518 954 ab
543 907 708 952 Numa
729 902 944 951 instituta
977 912 1132 965 erant,
1168 904 1357 964 facere;
1387 903 1556 953 omnia
1588 918 1646 951 ea
1679 915 1754 952 ex

259 983 623 1034 commentariis
651 982 780 1043 regis
814 979 1117 1046 pontificem,
1153 982 1204 1029 in
1234 980 1401 1029 album
1435 981 1601 1043 relata,
1635 994 1758 1045 pro-

260 1075 444 1128 ponere
473 1061 524 1107 in
548 1056 745 1124 publico
765 1057 922 1118 Jubet.
990 1055 1105 1105 inde
1130 1057 1180 1105 δι
1202 1057 1395 1106 civibus
1429 1057 1522 1106 otii
1545 1056 1756 1123 cupidis,

260 1138 313 1187 &
351 1135 572 1185 finitimis
610 1132 895 1182 civitatibus
931 1131 1058 1181 faeta
1095 1132 1217 1200 spec,
1258 1133 1310 1182 in
1352 1134 1438 1182 avi
1476 1149 1638 1184 mores
1674 1143 1755 1182 at-

172 1251 181 1257 .
260 1229 357 1277 que
380 1213 593 1262 instituta
615 1225 781 1273 regem
803 1210 1068 1259 abiturum.
1121 1210 1279 1273 Igitur
1299 1211 1481 1273 Latini,
1505 1224 1624 1260 curn
1642 1211 1758 1275 qui-

260 1289 367 1351 bus,
404 1288 558 1337 Tullo
580 1297 830 1350 regnante,
868 1285 1018 1335 istum
1052 1286 1207 1336 foedus
1244 1286 1363 1352 erat,
1397 1287 1677 1337 sustulerant
1699 1303 1758 1336 a.

260 1368 422 1415 nimos
443 1383 453 1414 :
503 1364 567 1427 δε,
593 1378 749 1427 quum
770 1363 1093 1413 incursionem
1110 1363 1161 1413 in
1183 1378 1355 1429 agrum
1379 1369 1657 1416 Romanum
1680 1366 1755 1415 fe-

261 1441 443 1506 cissent,
493 1441 821 1504 repetentibus
859 1455 933 1489 res
968 1441 1203 1491 Romanis
1241 1440 1442 1507 superbe
1470 1441 1755 1508 responsum

261 1517 471 1567 reddunt
490 1535 505 1575 ς
539 1514 748 1566 desidem
765 1519 1047 1565 Romanum
1063 1531 1230 1579 regem
1248 1517 1374 1567 inter
1391 1517 1559 1567 sacella
1580 1519 1630 1567 8<
1652 1532 1758 1567 aras

261 1593 483 1644 asturum
501 1592 595 1642 effe
607 1608 816 1657 regnum
832 1595 942 1642 rati.
1012 1593 1240 1643 Medium
1261 1604 1363 1644 erat
1376 1595 1428 1643 in
1452 1598 1596 1643 Anco
1618 1596 1756 1659 inge-

264 1671 421 1732 nium,
453 1669 503 1718 &
538 1672 731 1732 Numae,
766 1667 817 1718 δε
846 1669 1046 1718 Romuli
1071 1685 1289 1720 memor:
1325 1670 1391 1732 ἃ,
1433 1679 1755 1736 praeterquam

265 1744 401 1810 quod
437 1745 522 1794 avi
545 1761 698 1809 regno
731 1745 886 1808 magis
918 1743 1232 1795 necessariam
1250 1744 1387 1795 fuiffe
1404 1761 1575 1812 pacem
1595 1745 1759 1794 crede-

266 1822 371 1885 bat,
387 1837 540 1886 quum
557 1822 611 1870 in
627 1837 781 1884 novo,
801 1831 905 1870 tum
929 1820 1088 1872 feroci
1103 1823 1319 1888 popu103
1347 1823 1512 1884 etiam,
1531 1821 1663 1886 quod
1685 1821 1759 1870 illi

264 1896 541 1961 eontigiss'et
563 1900 738 1960 otium,
773 1896 868 1946 fine
889 1898 1068 1961 injuria
1100 1898 1151 1947 id
1184 1899 1232 1946 se
1259 1898 1391 1948 haud
1405 1898 1546 1965 facile
1566 1899 1761 1948 habitu-

265 1989 403 2025 rum:
440 1975 617 2022 tentari
640 1973 941 2042 patientiam,
975 1974 1026 2022 ἃ
1055 1984 1292 2024 tentatam
1320 1975 1597 2024 contemni:
1631 1985 1759 2023 tem-

267 2066 486 2118 poraque
525 2052 616 2100 effe
641 2051 795 2101 Tullo
817 2051 923 2115 regi
942 2053 1151 2118 aptiora,
1173 2058 1321 2116 quam
1340 2054 1536 2101 Numae.
1600 2054 1671 2101 Ut
1690 2061 1763 2102 ta-

265 2144 400 2191 men,
422 2131 657 2193 quoniam
675 2131 842 2178 Numa
860 2129 914 2177 in
936 2144 1061 2195 pace
1074 2129 1331 2196 religiones
1348 2127 1633 2192 instituiffet,
1664 2134 1695 2179 a
1712 2126 1764 2179 se

267 2204 452 2256 bellicae
476 2208 763 2256 ceremonia
784 2204 1138 2273 proderentur3
1172 2220 1262 2255 nec
1284 2217 1564 2271 gererentur
1584 2205 1764 2269 solum,

267 2281 352 2334 sed
374 2284 523 2332 etiarn
544 2284 870 2333 indicerentur
890 2281 1016 2331 bella
1032 2282 1198 2346 aliquo
1220 2283 1318 2331 ritu
1330 2301 1346 2343 ς
1380 2283 1460 2346 jus
1481 2283 1545 2332 ab
1561 2283 1764 2346 antiqua

268 2368 417 2422 gente
452 2358 740 2423 AEquicOIiS,
785 2356 919 2422 quod
949 2372 1083 2406 nunc
1115 2356 1308 2411 feciales
1343 2358 1541 2422 habent,
1584 2356 1763 2408 deseri-

270 2432 378 2500 pffl,
413 2449 514 2497 quo
537 2449 612 2482 res
627 2444 932 2500 repetuntur.
1000 2435 1233 2497 Legatus,
1259 2434 1350 2483 ubi
1371 2434 1433 2485 ad
1451 2434 1569 2483 fines
1591 2448 1767 2483 eorum

270 2510 428 2570 venit,
451 2508 581 2557 unde
603 2524 679 2557 res
698 2518 1000 2574 repetuntur,
1023 2510 1184 2575 capite
1206 2509 1373 2561 velato
1395 2511 1482 2561 filo
1517 2512 1655 2572 (lanae
1677 2524 1765 2559 ve-

271 2585 431 2634 lamen
455 2586 536 2647 est)
552 2585 689 2647 Audi,
706 2587 900 2650 Jupiter,
915 2585 1095 2649 inquit,
1117 2586 1259 2637 audite
1270 2587 1397 2650 fines,
1418 2585 1768 2651 (cujuscunque

273 2661 449 2725 gentiS,
466 2658 575 2711 sunt
594 2659 837 2726 nominat)
859 2661 1006 2710 audiat
1011 2662 1113 2724 fas.
1169 2663 1269 2730 Ego
1277 2663 1379 2726 sum
1392 2662 1584 2729 publicus
1598 2662 1769 2712 nuncius

267 2734 420 2802 populi
441 2735 641 2798 Romani,
664 2734 782 2797 just?
808 2736 962 2801 pie'que
991 2735 1153 2800 legatus
1180 2738 1322 2798 venio,
1345 2736 1564 2804 verbisque
1584 2738 1690 2787 meis
1701 2737 1767 2802 fi-

273 2812 348 2861 des
360 2811 403 2874 s
402 2819 439 2859 t
508 2811 700 2874 Peragit
721 2810 895 2861 deinde
917 2810 1172 2878 postulata.
1243 2811 1364 2862 Inde
1395 2815 1578 2876 Jovem
1601 2813 1769 2865 testem

276 2885 424 2936 facit:
459 2887 509 2935 Si
534 2901 608 2951 ego
635 2885 785 2950 injuste
811 2888 1016 2952 ιηρὶἐᾳιιε
1037 2886 1128 2935 illos
1147 2886 1330 2936 homines
1352 2888 1519 2956 illasqtoe
1537 2906 1606 2940 res
1627 2890 1770 2939 dedier

253 2949 427 3041 [nuncio
447 2963 597 3035 populi
613 2964 799 3018 Rumam·
829 2963 936 3017 mihi
956 2965 1141 3035 exposta,
1161 2972 1255 3017 tum
1280 2966 1434 3034 patra
1447 2977 1772 3035 compotemme

1562 3057 1772 3110 nunquam
