2092 3734
318 201 422 251 320
854 193 1308 243 T-LIVII

330 281 500 331 testate
522 281 575 331 in
596 280 928 347 insequentem
948 299 1136 333 annum
1159 291 1459 333 crearentur,
1529 284 1650 347 Quo
1675 281 1829 347 faeie,

308 359 465 408 ¹haud
504 358 638 410 secus
674 367 821 427 quam
858 361 1072 426 dignum
1094 371 1215 424 erat,
1250 360 1420 410 infenfi
1456 359 1606 423 Galli,
1640 361 1831 415 bellum

330 438 589 503 propalam
613 440 869 501 minantes,
902 439 966 490 ad
1006 440 1119 490 suos
1158 439 1379 489 redeunt.
1451 440 1669 487 Tribuni
1691 440 1828 487 rnili—

329 523 441 562 tum
464 530 579 562 cum
601 515 756 568 tribus
778 516 942 565 Fabiis
967 517 1120 566 creati
1148 520 1212 579 Q
1238 515 1477 581 Sulpicius
1494 519 1716 579 Longus,
1756 518 1828 579 Q

308 589 567 638 ‚Servilius
582 594 827 655 quartum,
862 596 965 644 Ser.
994 590 1247 641 Cornelius
1270 589 1639 654 Maluginensis.

310 709 317 714 .
396 669 678 716 XXXVII.
715 671 884 730 Quum
920 678 1055 717 tanta
1086 667 1240 716 moles
1276 668 1393 715 mali
1432 666 1643 728 instaret,
1679 663 1830 726 (adeo

329 755 545 794 occaecat
562 745 753 801 animos
775 743 992 806 fortuna,
1014 743 1102 793 ubi
1126 744 1231 793 vim
1255 740 1390 791 suam
1413 744 1724 806 ingruentem
1751 755 1829 789 re-

307 818 481 884 -fringi
512 836 614 870 non
649 821 778 883 vult)
813 820 1005 882 civitas,
1040 835 1149 884 quae
1181 817 1411 868 adversus
1444 818 1734 868 Fidenatem
1770 832 1831 866 ac

328 896 592 959 Vejentem
625 897 812 946 hostem
852 894 1070 961 aliosque
1108 895 1344 967 finitimos
1369 890 1617 962 populos,
1650 895 1829 944 ultima

325 975 584 1040 experiens
604 974 807 1038 auxilia,
841 972 1129 1024 distatorem
1163 973 1330 1022 multis
1361 973 1725 1039 tempestatibus
1749 971 1825 1020 di-

316 1050 499 1113 niffen
532 1068 591 1100 ea
625 1062 767 1115 tunc,
795 1051 1051 1102 invisitato
1073 1063 1221 1116 atque
1257 1049 1481 1101 inaudito
1504 1050 1639 1107 hoste
1669 1050 1732 1098 ab
1765 1064 1832 1099 o«

329 1144 486 1179 ceano
508 1140 844 1193 terrarumque
865 1129 1052 1178 ultimis
1074 1129 1173 1176 oris
1195 1128 1379 1177 bellum
1397 1129 1571 1192 ciente,
1594 1127 1716 1178 nihil
1735 1141 1828 1177 ex·

325 1205 644 1258 traci-dinarii
687 1207 882 1273 imperii
917 1217 1005 1254 aut
1048 1204 1226 1269 auxilii
1276 1204 1828 1273 quaesivit.Tr1b1mi,

326 1297 542 1351 quorum
575 1284 850 1335 temeritate
889 1283 1071 1343 bellum
1107 1279 1414 1332 contraitum
1451 1292 1575 1346 erat,
1622 1281 1829 1354 ίιιωρπ

258 1384 263 1389 ·
326 1375 494 1414 rerum
534 1371 811 1427 praeerant·
870 1357 1206 1424 deleaumque
1247 1359 1407 1408 nihilo
1446 1358 1826 1422 accuratiorem,

308 1442 479 1525 ,quam
506 1437 571 1487 ad
601 1436 765 1487 media
785 1435 913 1486 bella
947 1436 1116 1489 haberi
1135 1435 1304 1488 solitus
1328 1448 1449 1501 erat,
1484 1438 1830 1498 (extenuantes

308 1516 481 1567 ,etiam
503 1514 685 1565 famam
707 1514 843 1577 belli)
865 1514 1125 1567 habebant.
1162 1515 1369 1562 Interim
1395 1515 1548 1578 Galli,
1565 1514 1827 1582 postquam

329 1608 579 1660 accepere,
596 1591 728 1642 ultro
748 1591 991 1641 honorem
1007 1590 1231 1639 habitum
1246 1590 1606 1641 violatoribus
1587 1592 1714 1653 juris
1731 1591 1827 1645 hu·

328 1671 480 1734 mani,
513 1669 793 1736 elusamque
824 1668 1124 1732 legationem
1149 1664 1284 1715 suam
1306 1659 1415 1729 effe,
1448 1670 1707 1731 flagrantes
1729 1667 1823 1730 ira,

329 1748 470 1811 cujus
493 1749 739 1814 impotens
762 1745 827 1795 est
849 1760 980 1809 gens,
1015 1744 1273 1795 confestim
1291 1743 1452 1809 fignis
1459 1744 1719 1809 convulsis,
1750 1745 1825 1807 ci

307 1836 437 1877 ‚tato
459 1824 654 1888 agmine
688 1824 783 1871 iter
813 1822 1175 1885 ingrediuntur.
1242 1822 1323 1871 Ad
1356 1838 1567 1886 quorum
1595 1833 1823 1889 praetere-

326 1901 521 1953 untium
542 1900 723 1966 raptim
746 1899 1013 1951 tumultum
1034 1915 1187 1964 quum
1209 1901 1456 1950 exterritae
1477 1899 1624 1949 urbes
1656 1898 1719 1951 ad
1741 1914 1824 1949 ar-

326 1997 410 2035 ma
432 1988 792 2042 concurrerent,
826 1975 1040 2042 fugaque
1062 1978 1322 2041 agrestium
1341 1977 1497 2040 ficret,
1531 1980 1756 2033 Romam,
1772 1974 1826 2027 se

306 2061 425 2123 ,ire,
450 2073 633 2121 magno
673 2057 888 2107 clamore
921 2054 1282 2119 fignificabant;
1333 2071 1624 2122 quacunque
1661 2055 1823 2120 ibant,

328 2138 465 2204 equis
489 2135 704 2200 virisque
726 2134 872 2198 longe
888 2150 944 2184 ac
966 2133 1062 2183 late
1077 2131 1189 2184 fuso
1204 2134 1401 2198 agmine
1417 2131 1709 2184 immensum
1728 2135 1824 2184 ob-

328 2218 539 2267 tinentes
563 2214 680 2263 loci.
743 2210 850 2276 Sed,
884 2210 1203 2263 antecedente
1241 2212 1371 2262 fama
1390 2210 1676 2276 nunciisque
1704 2212 1822 2263 Clu-

325 2292 561 2351 finorum‚
583 2291 813 2356 deinceps
836 2289 952 2339 inde
973 2290 1184 2339 aliorum
1204 2290 1518 2355 populorum,
1552 2290 1822 2357 plurimum

238 2422 245 2423 ff
321 2370 522 2421 terroris
544 2371 756 2421 Romam
780 2367 998 2417 celeritas
1022 2366 1232 2417 hostium
1251 2367 1379 2416 tulit.
1417 2367 1599 2434 quippe
1617 2368 1815 2432 quibus,

322 2447 465 2498 velut
485 2445 807 2497 tumultuario
842 2445 1066 2494 exercitu
1091 2445 1272 2510 raptim
1293 2444 1458 2508 ducto,
1492 2448 1615 2509 aegre
1637 2445 1699 2495 ad
1721 2462 1818 2495 un—

320 2524 570 2577 decimum
608 2521 822 2588 lapidem
866 2520 1124 2573 occursum
1164 2521 1247 2584 est,
1300 2539 1395 2588 qua
1439 2525 1620 2572 flumen
1668 2523 1818 2589 Allia,

322 2598 645 2671 Cmstuminis
681 2596 932 2647 montibus
976 2600 1177 2664 praealto
1217 2599 1432 2653 defluens
1471 2600 1634 2663 alve0,
1685 2600 1821 2652 haud

304 2679 534 2732 ,multum
557 2674 687 2725 infra
707 2676 845 2731 viam
873 2674 1121 2726 Tiberino
1149 2678 1286 2727 amni
1306 2677 1578 2731 misceturv
1623 2665 1817 2741 Jam'o-

304 2756 459 2807 ,mnia
479 2759 651 2807 contra
689 2752 917 2818 circaque
950 2753 1164 2804 hostium
1184 2754 1328 2822 plena
1350 2766 1507 2819 erant,
1541 2755 1589 2803 &
1613 2767 1730 2809 nata
1766 2757 1818 2807 in

304 2847 483 2887 ‚vanos
505 2829 742 2880 tumultus
766 2844 898 2893 gens,
935 2832 1065 2879 truci
1101 2843 1247 2881 cantu
1271 2830 1663 2898 clamoribusque
1682 2832 1818 2882 vari-

321 2908 380 2975 is,
416 2907 662 2958 horrendo
685 2904 857 2956 euntia
880 2909 1254 2975 compleverant
1276 2908 1418 2960 sono.

305 3025 317 3035 .
384 2985 695 3043 XXXVIII.
731 2981 813 3039 lbi
845 2983 1031 3039 tribuni
1069 2984 1309 3054 militum,
1355 2999 1462 3039 non
1494 2983 1610 3038 loco
1649 2984 1815 3051 castris

306 3110 315 3117 .
358 3108 367 3119 .
1691 3064 1811 3117 ante
