2092 3734
323 224 390 270 30
842 214 1297 265 T.L1v11

315 298 390 353 lus
412 311 722 363 nequaquam
744 314 848 366 par,
881 299 946 351 fic
968 301 1203 373 adversus
1235 290 1447 369 singulos
1475 294 1638 359 ferox.
1675 325 1814 377 ergo,

317 385 375 428 ut
397 374 671 439 segregaret
690 392 910 443 pugnam
932 393 1122 444 eorum,
1158 382 1352 449 capesfit
1372 383 1557 449 fugam,
1593 388 1663 435 ita
1681 401 1817 441 ratus

316 450 582 516 secuturos,
632 462 689 501 ut
727 470 972 520 quemque
1007 457 1209 525 vulnere
1231 457 1456 509 affectum
1491 476 1668 526 corpus
1690 462 1814 511 sme-

316 540 411 579 ret.
479 533 591 593 Jam
615 532 919 598 aliquantum
943 533 1085 601 spatii
1107 548 1172 583 ex
1194 549 1255 584 eo
1276 535 1406 599 loc0,
1430 536 1514 585 ubi
1536 522 1812 604 pugnatum

319 606 403 671 est,
426 606 696 672 aufugerat,
733 624 887 674 quum
907 610 1165 677 respiciens
1183 612 1319 662 videt
1340 615 1527 677 magnis
1544 615 1815 663 intervallis

317 684 599 748 sequentes:
634 701 788 735 unum
809 687 940 736 haud
973 688 1145 754 procul
1175 688 1238 737 ab
1262 688 1358 739 sese
1379 689 1551 739 abesse.
1605 691 1656 739 in
1695 706 1812 739 eum

317 776 504 824 magno
526 760 717 829 impetu
738 762 898 825 rediit.
934 765 1014 826 Et,
1028 763 1147 813 dum
1164 758 1382 815 Albanus
1404 767 1646 816 exercitus
1659 767 1811 817 incla-

315 847 423 887 mat
447 839 692 901 Curiatiis,
714 839 789 887 uti
806 854 953 905 opem
975 839 1135 890 ferant
1155 840 1309 905 fratri,
1328 841 1432 904 jam
1455 843 1703 907 HoratiuS,
1718 858 1813 892 cae·

318 915 375 965 so
394 917 526 966 hoste
545 917 718 981 viam,
738 917 997 967 secundam
1018 934 1235 985 pugnam
1251 916 1467 986 petebat.
1505 929 1611 969 tum
1629 920 1812 969 clamo-

319 1008 393 1057 re,
415 996 569 1061 qualis
598 1010 664 1044 ex
689 995 932 1062 insperato
960 996 1235 1047 faventium
1271 998 1411 1062 solet,
1433 999 1648 1047 Romani
1670 998 1812 1062 adju-

318 1079 446 1118 ·vant
487 1069 696 1139 militem
728 1069 901 1120 suum:
939 1071 989 1121 δε
1032 1070 1115 1119 ille
1153 1070 1358 1135 defungi
1391 1068 1563 1138 proelio
1601 1068 1812 1124 festinat.

316 1146 462 1197 Prius
484 1146 666 1212 itaque,
685 1153 833 1213 quam
861 1147 998 1211 alter,
1017 1149 1104 1214 qui
1125 1163 1215 1198 nec
1233 1150 1404 1216 procul
1427 1140 1609 1214 aberat,
1642 1148 1820 1215 conse-¹

317 1222 429 1286 qui·
447 1220 617 1288 poss'et,
655 1222 705 1272 ἃ
732 1223 940 1272 alterum
976 1222 1251 1272 Curiatium
1289 1224 1507 1272 conficit.
1585 1226 1813 1291 Jamque,

307 1311 517 1365 -aequato
538 1303 721 1364 Marte,
744 1299 915 1364 singuli
937 1299 1218 1367 supererant
1230 1319 1245 1362 ;
1280 1299 1361 1350 sed
1395 1316 1484 1352 nec
1507 1299 1605 1367 spe,
1629 1316 1717 1350 nec
1741 1300 1817 1350 vi-

319 1377 457 1428 ribus
489 1392 646 1445 pares,
709 1377 932 1442 alterum,
966 1375 1201 1429 intasturn
1223 1376 1355 1431 ferro
1386 1394 1562 1445 corpus
1586 1378 1634 1427 8<
1657 1378 1814 1442 gemi-

317 1464 436 1520 nata
457 1453 681 1518 νίἃοτίει,
705 1452 919 1504 ferocem
944 1454 995 1503 in
1017 1464 1262 1503 certamen
1287 1453 1484 1503 tertium
1506 1452 1719 1502 dabant:
1744 1451 1815 1501 al-

320 1542 413 1596 ter,
426 1529 599 1581 seffum
615 1530 834 1594 vulnere‘,
853 1530 1024 1581 fessum
1038 1531 1188 1585 ‘cursu
1212 1532 1404 1580 trahens
1422 1547 1616 1598 corpus,
1633 1528 1815 1581 vians-

322 1627 418 1677 que
431 1610 647 1661 fratrum
668 1621 780 1661 ante
808 1609 855 1659 se
872 1602 1046 1675 strage,
1082 1608 1258 1659 vistori
1283 1608 1516 1674 objicitur
1536 1608 1678 1658 hosti.
1723 1624 1817 1659 nec

319 1689 442 1752 ,illud
462 1689 683 1757 proelium
706 1689 818 1739 fuit.
887 1692 1139 1740 Romanus
1163 1687 1426 1751 exsultans,
1459 1689 1601 1751 Duos,
1635 1687 1815 1752 inquit,

308 1769 516 1835 fratrum
539 1768 756 1818 Manibus
778 1768 873 1818 dedi
892 1786 911 1816 .-
946 1769 1123 1817 tertium
1154 1769 1281 1832 causi«.
1317 1764 1411 1814 belli
1448 1764 1627 1833 hujuste,
1662 1774 1711 1814 ut
1726 1766 1818 1837 1303·

319 1861 472 1903 manus
495 1844 664 1894 Albano
702 1848 901 1912 imperet,
929 1844 1052 1897 dabo.
1118 1845 1250 1895 Male
1289 1843 1534 1895 sustinenti
1557 1860 1690 1895 arma
1713 1844 1818 1908 gla-

319 1922 462 1988 dium
477 1920 684 1987 ,superne
700 1923 875 1986 jugulo
899 1923 1101 1987 defigit:
1123 1912 1369 1993 jacentem
1391 1921 1582 1989 spoliat.
1630 1926 1817 1973 Roma·

318 2000 375 2061 ,ni
408 2010 614 2049 ovantes
636 2016 694 2049 ac
717 2000 1009 2065 gratulantes
1032 2002 1294 2051 Horatium
1317 2000 1599 2069 accipiunt}
1632 2016 1694 2049 eo
1710 2016 1818 2055 ma÷

316 2077 430 2145 jore
447 2093 561 2126 cum
580 2076 787 2142 gaudie,¹
801 2094 915 2144 .quo
938 2094 1094 2146 prope
1114 2090 1302 2128 metum
1323 2093 1398 2128 res
1420 2078 1595 2127 fuerat.
1643 2076 1722 2126 Ad
1746 2076 1818 2126 se-

318 2156 573 2224 pulturam
606 2155 718 2205 inde
742 2157 940 2206 suorum
960 2173 1269 2227 nequaquam
1292 2158 1489 2227 paribus
1514 2157 1688 2206 animis
1710 2170 1819 2207 ver-

321 2243 524 2294 tuntur5
560 2235 742 2301 quippe
759 2236 970 2301 imperio
993 2235 1129 2284 alteri
1162 2235 1304 2299 auffi,
1324 2236 1460 2284 alteri
1479 2234 1677 2284 ditionis
1699 2233 1816 2285 alie-

320 2328 400 2363 nae
415 2311 548 2363 faeti.
584 2374 591 2381 ι
616 2313 876 2379 Sepulchra
897 2310 1102 2376 exstant,
1137 2328 1237 2381 quo
1262 2312 1463 2378 quisque
1485 2312 1598 2361 loco
1622 2311 1815 2363 cecidit.

324 2389 427 2440 duo
445 2392 670 2439 Romana
692 2406 794 2439 uno
815 2391 928 2439 loco
947 2391 1151 2456 propius
1166 2390 1359 2452 Albam,
1375 2391 1476 2458 'tria
1494 2388 1688 2437 Albana
1710 2391 1814 2438 Ro-

320 2483 459 2521 mam
482 2466 647 2516 versus
667 2487 680 2528 3
711 2467 794 2518 sed
816 2467 1039 2533 distantia
1055 2467 1191 2531 lociS,
1227 2467 1277 2517 &
1300 2477 1355 2516 ut
1376 2476 1650 2533 pugnatum
1674 2464 1757 2513 est.

390 2547 597 2593 XXVI.
634 2541 918 2609 Priusquam
940 2543 1053 2593 inde
1075 2544 1452 2608 digrederentur,
1472 2542 1665 2606 roganti
1683 2544 1817 2591 Met-

322 2633 395 2686 ιο,
428 2637 494 2671 ex
516 2620 696 2673 foedere
719 2620 815 2672 isto
838 2621 955 2686 quid
977 2623 1256 2688 imperaret,
1290 2623 1499 2686 imperat
1525 2619 1717 2683 TulluS,
1741 2619 1818 2673 uti

316 2701 636 2766 juventutem
668 2700 720 2748 in
748 2701 892 2748 armis
915 2699 1119 2749 habeat:
1156 2699 1357 2749 usurum
1378 2697 1426 2747 se
1447 2710 1620 2748 eorum
1650 2697 1818 2763 opera,

322 2779 358 2828 fi
380 2779 562 2828 bellum
592 2794 706 2827 cum
728 2778 1018 2840 Vejentibus
1046 2777 1192 2827 soret.
1229 2777 1299 2824 ita
1321 2776 1564 2825 exercitus
1587 2774 1698 2823 inde
1732 2773 1829 2824 do-'

320 2871 432 2906 mos
453 2853 665 2903 abduffl.
736 2855 961 2921 Princeps
981 2854 1213 2904 Horatius
1235 2852 1356 2915 ibat,
1381 2852 1641 2916 trigemino.
1664 2851 1821 2918 spolia

321 2947 423 2998 prae
446 2931 493 2980 se
527 2945 722 2995 gerens:
758 2933 838 2981 cui
861 2932 998 2981 soror
1020 2932 1183 2995 virgo,
1219 2945 1326 2994 quae
1364 2928 1598 2996 desponsa
1631 2930 1716 2978 uni
1752 2943 1819 2981 ex

320 3012 550 3073 Curiatiis
567 3012 741 3079 fuerat,
761 3011 914 3064 obvia
932 3020 1046 3060 ante
1069 3020 1265 3077 portam
1281 3012 1529 3077 Capenam
1546 3007 1669 3057 fuit:
1696 3021 1815 3070 cog-

1611 3083 1819 3149 nitoque
