2092 3734
303 200 401 251 260
681 202 694 213 ³
842 172 1297 249 'n'LIle

303 289 362 335 C.
394 284 749 351 Sempronium,
784 285 1054 350 patruelem
1088 284 1331 335 Atratini:
1366 270 1507 350 eique
1540 283 1608 334 ob
1640 283 1799 349 igno-

297 362 503 411 miniam
528 361 691 411 Volsci
716 362 847 424 beni,
881 362 1109 425 adjutore
1127 361 1311 425 collegia
1334 365 1411 410 M.
1440 361 1693 424 CanuleiO,
1714 362 1794 410 di-

301 453 382 487 em
404 437 591 487 dixere.
662 436 874 487 Subinde
895 439 957 487 ab
981 438 1160 487 eisdem
1194 437 1400 486 tribunis
1422 439 1609 486 mentio
1643 438 1695 485 in
1716 436 1797 485 se-

300 524 421 564 natu
444 513 505 563 de
530 515 657 579 agris
680 514 954 564 dividendis
983 515 1119 563 illata
1141 513 1220 575 est,
1256 514 1358 575 (cui
1390 512 1569 563 aftioni
1604 511 1801 578 semper

300 593 538 642 acerrime
562 595 620 640 C.
646 591 956 658 Sempronius
980 591 1232 655 restiterat)
1266 590 1398 652 ratiS,
1431 589 1481 639 id
1515 588 1649 655 quod
1670 598 1797 651 erat,

301 680 391 719 aut
413 667 625 736 deposita
643 670 786 718 caus&
803 668 1042 716 leviorem
1060 667 1282 716 futurum
1299 666 1426 733 apud
1457 669 1619 739 Pet-tres
1635 682 1798 728 reum,

305 757 393 795 aut
414 734 806 811 perseuerantem
827 744 914 794 sub
933 743 1110 806 judicii
1148 753 1339 809 tempus
1361 743 1553 810 plebem
1582 741 1801 793 offensu-

304 836 436 872 rum.
506 820 738 871 Adversae
778 820 977 870 invidiae
1010 821 1166 883 objici
1199 820 1390 882 maluit,
1424 820 1474 871 &
1497 819 1592 870 suae
1616 833 1807 870 nocere

307 895 477 960 causae,
512 902 658 961 quam
697 895 906 963 publicae
940 894 1093 944 deeffe
1107 915 1121 957 3
1154 896 1375 961 stetitque
1397 896 1451 945 in
1481 895 1654 945 eadem
1688 895 1799 946 sen-

303 976 475 1037 tentia,
513 977 596 1023 Ne
616 991 695 1040 qua
730 974 920 1039 largitio,
955 972 1110 1037 ceffiera
1142 974 1186 1021 in
1216 973 1349 1022 trium
1379 974 1570 1038 gratiam
1607 973 1797 1022 tribuno·

307 1067 423 1111 rum,
446 1048 595 1112 fieret.
644 1066 718 1097 nec
747 1057 842 1099 tum
864 1066 1018 1116 agrum
1034 1048 1167 1116 plebi,
1192 1046 1274 1114 fi’d
1286 1046 1370 1112 fibi
1391 1049 1619 1113 invidiam,
1651 1049 1801 1115 queri-

307 1128 365 1198 δι
385 1143 538 1194 quoque
548 1126 790 1192 subiturum
813 1142 907 1175 eam
931 1126 1225 1192 tempestatem
1247 1128 1367 1190 forti
1393 1127 1549 1176 animo.
1580 1141 1655 1175 nec
1664 1130 1772 1194 serm
1786 1157 1800 1166 -

305 1205 372 1254 tui
391 1205 501 1253 tanti
522 1205 577 1269 se
607 1204 767 1267 civem,
802 1211 877 1253 aut
908 1219 1156 1270 quemquam
1191 1203 1325 1252 alium
1361 1202 1508 1254 debere
1545 1205 1638 1272 effe,
1669 1216 1720 1254 ut
1751 1206 1800 1254 ἰιι

300 1281 515 1348 parcendo
534 1282 605 1330 uni
625 1280 785 1329 malum
798 1279 1015 1346 publicum
1025 1282 1131 1346 fiat.
1199 1281 1374 1342 Nihilo
1400 1281 1671 1337 demissiore
1689 1283 1803 1332 ani-

307 1373 411 1421 mo,
445 1373 598 1423 quum
621 1357 721 1408 dies
745 1359 901 1423 venit,
938 1359 1082 1409 caus&
1106 1356 1207 1426 ipse
1229 1372 1322 1425 pro
1342 1358 1392 1408 se
1423 1357 1565 1424 dian,
1597 1361 1803 1426 nequic-

310 1451 465 1503 quam
487 1436 655 1489 omnia
679 1436 895 1501 expertis
917 1436 1158 1500 PatribuS,
1191 1446 1247 1486 ut
1279 1437 1562 1501 mitigarent
1588 1438 1806 1505 plebem,

311 1511 591 1581 quindecim
612 1511 826 1562 millibus
848 1513 953 1563 aeris
981 1511 1258 1564 damnatur.
1326 1513 1518 1563 Eodem
1546 1529 1679 1567 anno
1707 1517 1807 1565 Po-

312 1589 504 1654 stumia,
540 1589 689 1653 virgo
707 1589 926 1653 VestaliS,
960 1589 1019 1639 de
1042 1590 1227 1640 incestu
1246 1588 1441 1643 causam
1455 1590 1600 1656 dixit,
1633 1593 1806 1642 erimi-

311 1662 376 1718 ne
399 1666 603 1716 innoxia
617 1686 632 1727 ;
666 1667 733 1716 ob
755 1664 1083 1733 suspicionem
1118 1677 1323 1734 propter
1356 1667 1544 1718 cultum
1565 1670 1821 1724 ammaim.

311 1758 420 1794 rem
442 1743 786 1808 ingeniumque
822 1743 1040 1817 liberiuS,
1072 1749 1220 1808 quam
1253 1744 1499 1809 virginem
1519 1744 1676 1810 decet,
1713 1762 1807 1814 pa·

313 1833 427 1870 rum
465 1819 731 1870 abhorrens
770 1819 972 1871 famam.
1041 1822 1363 1886 Ampliatam,
1397 1820 1573 1873 deinde
1608 1822 1808 1876 absolu-

265 1911 270 1915 ·
312 1905 434 1959 tam,
468 1911 560 1962 pro
599 1896 794 1962 collegii
818 1895 1055 1950 sententia
1083 1897 1310 1964 pontifex
1331 1901 1577 1951 maximus
1597 1900 1807 1952 abstine·

312 1988 367 2025 re
385 1974 529 2038 jocis,
564 1968 943 2039 conquestu&
974 1974 1159 2042 potius,
1193 1980 1340 2040 quarn
1361 1975 1491 2039 scite,
1518 1976 1669 2041 juffit.
1704 1980 1808 2029 Eo·

316 2049 431 2103 dem
454 2067 585 2103 anno
601 2055 631 2103 a
657 2053 919 2119 Campanis
938 2055 1121 2116 Cumae,
1153 2067 1300 2120 quam
1322 2055 1484 2105 Graeci
1507 2065 1613 2106 tum
1635 2056 1812 2109 urbem

317 2129 568 2192 tenebant,
586 2131 882 2195 capiuntur.
952 2128 1214 2195 Insequens
1242 2146 1396 2181 annus
1423 2132 1646 2183 tribunos
1676 2133 1812 2185 mili·

316 2217 428 2259 tum
472 2204 712 2259 consulari
740 2204 978 2272 potestate
1000 2206 1189 2270 habuit,
1225 2209 1498 2275 Agrippam
1520 2210 1810 2263 Menenium

315 2287 582 2348 Lanatum,
618 2284 674 2333 Ρ.
714 2285 1001 2335 Lucretium
1041 2283 1413 2350 Tricipitinum,
1447 2292 1530 2353 Sp.
1566 2282 1808 2338 Nautium

321 2360 565 2413 Rutilum.
1528 2380 1541 2392 ·

386 2437 550 2487 XLV.
573 2435 760 2498 Annus,
779 2434 1011 2487 felicitate
1032 2435 1204 2500 populi
1230 2437 1458 2500 Romani,
1482 2439 1709 2504 periculo
1719 2454 1808 2507 pon

319 2511 419 2561 tius
441 2509 648 2573 ingenti,
680 2515 829 2574 quam
851 2509 1002 2575 clade,
1036 2509 1251 2574 insignis.
1304 2514 1527 2576 Servitia,
1560 2514 1732 2567 urbem
1753 2527 1812 2567 ut

319 2583 634 2637 incenderent
667 2582 950 2633 distantibus
972 2584 1109 2648 lociS,
1145 2584 1462 2648 conjurirunt
1477 2606 1492 2647 ;
1527 2589 1811 2656 populoque

320 2660 385 2716 ad
415 2674 563 2726 opem
586 2658 750 2725 paffim
774 2659 1023 2711 ferendam
1046 2658 1180 2712 testis
1207 2663 1419 2725 intente,
1450 2673 1506 2713 ut
1526 2679 1690 2714 arcem
1718 2669 1833 2716 Ca-·

321 2737 651 2808 pitoliumque
671 2737 847 2785 armati
872 2749 1189 2804 occuparent.
1231 2773 1234 2776 -
1256 2740 1456 2791 Avertit
1470 2741 1680 2791 nefanda
1697 2760 1814 2792 con.

322 2817 426 2872 filia
460 2814 684 2880 Jupiter:
719 2813 1004 2878 indicioque
1036 2813 1246 2865 duorum
1281 2817 1612 2883 comprehensi
1650 2818 1812 2873 sontes

326 2907 491 2968 poenas
514 2889 765 2940 dederunt.
800 2889 1042 2941 indicibus
1066 2891 1189 2941 dena
1205 2892 1355 2941 millia
1371 2894 1535 2957 gravis
1558 2896 1680 2957 aeris,
1703 2911 1811 2961 quae

325 2979 434 3027 tum
450 2966 637 3024 divitiae
651 2966 971 3036 habebantur,
1011 2982 1078 3022 ex
1098 2968 1270 3024 aerario
1290 2980 1560 3040 numerata,
1594 2971 1645 3025 δε
1660 2972 1807 3026 liber-

893 3066 898 3072 ·
1193 3046 1201 3057 ⁶
1732 3055 1805 3123 tque
