2092 3734
409 254 416 261 Β
754 187 802 238 L
834 188 861 239 1
896 188 932 236 B
966 187 1009 237 E
1042 188 1091 238 R
1158 183 1254 237 IV.
1667 203 1787 249 235·

282 273 440 324 eiores
471 264 638 338 erint3
671 274 792 341 fuga
822 292 924 328 non
955 278 1119 328 minus
1142 275 1350 345 trepida,
1383 281 1531 344 quarn
1563 277 1618 328 in
1648 279 1776 345 acie,

280 351 398 402 fuit.
435 356 442 365 ”

349 434 468 478 XX.
506 431 747 482 Omnibus
775 432 895 481 locis
919 449 971 505 ge
1001 433 1129 482 bene
1151 431 1296 496 gesta,
1329 431 1538 482 dictator
1559 430 1774 481 senatus-

280 506 505 557 consulto
538 508 764 575 jussuque
799 511 971 577 populi
996 510 1301 576 triumphans
1330 511 1382 560 in
1414 510 1587 560 urbem
1607 510 1773 561 rediit.

279 583 455 645 Longe
492 585 771 635 maximum
803 586 1044 650 triumphi
1079 583 1406 652 spestaculum
1447 583 1544 636 fuit
1588 583 1774 649 Coss'us,

279 658 438 726 spolia
456 663 620 726 opima
638 664 762 729 regis
786 661 1023 712 interfeffl
1043 677 1230 727 gerens.
1266 663 1318 712 in
1341 677 1452 711 eum
1473 661 1650 712 milites
1668 672 1779 712 car-t

279 738 417 786 mina
440 739 709 804 incondita,
745 753 988 806 aequantes
1008 756 1123 789 eum
1145 741 1382 803 Romulo,
1408 753 1598 790 canere.
1651 744 1774 806 Spo-
1850 774 1857 781 ·

277 816 383 866 lia
369 832 421 865 m
460 817 561 867 aede
592 819 736 883 Jovis
771 819 973 868 Feoetrii
1012 835 1168 885 prope
1205 818 1409 868 Romuli
1442 817 1614 884 spolia,
1648 831 1775 883 quae,

277 892 440 959 prima
465 894 643 960 Opima
665 894 922 962 appellata,
957 893 1059 944 sola
1079 896 1135 942 ea
1162 893 1446 961 tempestate
1466 901 1622 956 erant,
1657 907 1783 952 cum

237 1006 244 1009 -
274 969 467 1020 solenni
501 969 809 1022 dedicatione
845 972 982 1021 dono
1022 971 1156 1020 fixit.
1203 980 1549 1036 averteratque
1582 972 1637 1022 in
1671 970 1720 1021 se
1742 976 1774 1024 ἃ

273 1060 423 1096 curru
456 1044 705 1097 distatoris
739 1049 929 1099 civium
962 1063 1068 1112 ora,
1103 1047 1152 1097 ἃ
1193 1047 1486 1097 celebritatis
1526 1047 1630 1111 ejus
1669 1046 1772 1099 diei

271 1121 486 1173 frustum
509 1128 662 1192 prope
689 1123 818 1175 solus
842 1124 1038 1173 tulerat.
1109 1122 1334 1174 Distator
1357 1139 1595 1181 eoronam
1625 1140 1771 1175 aure-

272 1213 355 1248 am
375 1196 551 1250 libram
574 1203 741 1269 pondo
764 1216 829 1251 ex
852 1202 1053 1269 publica
1074 1202 1299 1268 pecunia,
1334 1201 1510 1269 populi
1534 1200 1681 1265 juffu,
1716 1202 1777 1253 in,

271 1279 528 1345 Capitolio
550 1282 674 1344 Jovi
701 1280 888 1330 donum
912 1278 1096 1346 posuit.
1168 1283 1351 1330 Omnes
1372 1290 1485 1329 ante
1503 1296 1584 1329 me
1601 1278 1783 1330 auam.

271 1370 348 1405 res
371 1353 585 1420 secutus,-
621 1362 683 1406 A.
712 1359 1000 1407 Cornelium
1043 1354 1240 1408 Coss‘um
1274 1357 1529 1407 tribunum
1554 1358 1773 1409 militum

270 1430 484 1483 secunda
522 1432 679 1500 spolia
717 1435 888 1501 opima
924 1434 1069 1497 Jovis
1099 1434 1300 1482 Feretrii
1333 1434 1518 1500 templo
1540 1433 1779 1498 intuliss'e,

271 1509 500 1576 exposui.
538 1517 773 1573 ceterum,
793 1521 1116 1579 praeterquam
1133 1510 1262 1574 quod
1279 1527 1339 1559 ea
1358 1511 1452 1560 rite
1469 1512 1639 1578 opima
1655 1511 1777 1579 spo·

271 1585 340 1635 lia
361 1587 621 1657 habentur,
656 1604 765 1653 quae
788 1587 893 1636 dux
922 1586 1037 1635 duci
1070 1585 1320 1648 detraxit3
1353 1601 1444 1653 nec
1478 1585 1655 1636 ducem
1676 1603 1780 1655 ιιο-ἶ

257 1665 452 1729 ximus,
475 1667 564 1715 nisi
586 1667 725 1730 cujus
748 1665 971 1732 auspicio
995 1664 1179 1713 benum
1201 1664 1419 1728 geritur3
1454 1663 1626 1713 titulus
1648 1664 1775 1731 ipse,

272 1739 440 1803 spoliis
462 1740 736 1809 inscriptus,
761 1741 872 1793 illos
891 1755 1069 1807 meque
1091 1740 1270 1803 arguit,
1295 1736 1544 1788 consulem
1569 1753 1628 1788 ea
1648 1738 1770 1790 Cos-

270 1814 381 1866 sum
402 1815 591 1883 cepiffe.
628 1821 740 1869 Hoc
762 1833 857 1882 ego
881 1832 1036 1882 quum
1058 1815 1334 1881 Augustum
1360 1814 1616 1879 Caesatem,
1641 1827 1769 1867 tem-

270 1884 473 1958 plorurir
505 1893 724 1942 omnium
748 1893 1057 1944 conditorem
1084 1900 1172 1956 aut
1203 1891 1547 1954 restitutorem,
1582 1892 1768 1956 ingres-

171 1998 178 2001 -
271 1966 383 2018 sum
401 1969 554 2018 aedem
587 1958 790 2021 Feretrii
807 1960 978 2036 JovisJ,
1003 1985 1153 2035 quarn
1172 1968 1412 2025 vetustate
1433 1967 1669 2035 dilapsam
1690 1983 1767 2018 re-

267 2046 409 2110 fecit,
445 2046 493 2096 se
516 2047 672 2114 ipsum
689 2051 741 2098 in
763 2049 959 2098 thorace
987 2049 1143 2098 linteo
1172 2044 1585 2113 scriptum-legisse
1607 2045 1768 2097 audis-⁴

270 2121 406 2183 sem3
442 2138 597 2189 prope
636 2123 939 2187 sacrilegium
974 2134 1109 2179 ratus
1149 2121 1273 2186 sum,
1310 2122 1456 2174 Colso
1496 2121 1768 2189 spoliorum

270 2201 477 2253 suorum
512 2200 766 2264 Caesarem,
799 2201 956 2268 ipfiusj
981 2201 1151 2269 templi
1184 2196 1450 2263 auctorem,
1486 2199 1771 2253 subtrahere

268 2279 459 2329 testem.
506 2279 591 2344 qui
612 2278 647 2327 fi
669 2294 727 2331 ea
759 2279 812 2328 in
838 2293 892 2329 re
912 2277 970 2328 fit
986 2294 1139 2340 error,
1174 2277 1305 2344 quod
1329 2287 1431 2327 tam
1464 2286 1654 2327 veteres
1677 2291 1765 2326 an·

266 2356 416 2419 mles,
450 2355 683 2423 quodque
701 2357 1068 2421 magistratuum
1085 2356 1215 2419 libri,
1251 2371 1374 2422 quos
1396 2355 1573 2405 linteos
1591 2356 1641 2404 in
1663 2353 1768 2406 aede

265 2433 502 2499 repositos
524 2435 743 2485 Monetae
770 2436 946 2485 Macer
977 2433 1201 2485 Licinius
1224 2433 1343 2483 citat
1370 2431 1640 2485 identidem
1674 2448 1764 2484 au-

268 2511 441 2574 steres,
474 2522 610 2560 nono
640 2510 745 2576 post
768 2509 970 2563 demum
990 2526 1124 2561 anno
1142 2524 1255 2560 cum
1290 2513 1361 2559 Τ.
1384 2511 1619 2577 Quinflio
1638 2511 1765 2562 Pen-

270 2602 338 2637 no
365 2591 428 2636 A.
452 2588 738 2637 Cornelium
756 2586 956 2638 Coss'urn
979 2586 1230 2639 consulem
1254 2586 1496 2649 habeant;
1518 2588 1765 2639 existima-

270 2665 348 2719 tio
369 2666 641 2714 communis
663 2666 892 2717 omnibus
909 2666 992 2716 est.
1027 2681 1147 2715 nam
1163 2665 1313 2715 etiarn
1330 2664 1449 2717 illud
1471 2665 1676 2730 accedit,
1700 2681 1767 2716 ne

272 2753 377 2796 tam
399 2742 527 2791 clara
556 2759 719 2810 pugna
738 2743 790 2792 in
812 2758 926 2795 eum
943 2759 1128 2793 annum
1154 2742 1405 2794 transferri
1421 2743 1591 2813 poffet,
1627 2744 1765 2809 quod

141 2812 154 2820 ’
191 2853 197 2860 ·
268 2820 465 2871 imbelle
497 2822 759 2871 triennium
781 2821 936 2872 ferme
970 2821 1242 2888 pestilentia
1271 2822 1534 2890 inopiaque
1563 2822 1769 2884 frugum

271 2897 403 2951 circa
443 2902 505 2948 A.
545 2887 830 2949 Cornelium
872 2899 1122 2950 consulem
1143 2899 1273 2951 fuit.
1307 2898 1433 2949 adeo
1464 2911 1522 2950 ut
1560 2897 1763 2964 quidam

267 2974 481 3044 annales,
516 2978 655 3035 velut
688 2975 884 3045 funesti,
913 2978 1037 3031 nihil
1073 2989 1245 3046 praeter
1275 2979 1480 3032 nomina
1503 2974 1764 3115 congluglgpt
