2092 3734
281 166 387 225 ἓν
809 158 1269 217 'ELIVII

278 251 468 304 fitendo
483 249 531 303 se
546 251 731 304 ultores
748 253 856 304 sore
868 251 1112 302 Maelianae
1132 249 1290 316 caedss,
1304 254 1599 300 crearentur.
1619 243 1785 313 Plebs,

278 347 565 400 quanquam
610 336 794 400 agitata
828 333 993 384 multis
1029 347 1092 381 eo
1122 345 1253 379 anno
1299 330 1355 380 δε
1378 330 1531 380 variis
1557 327 1791 379 motibus

229 460 236 468 ,
279 420 401 476 erat,
435 427 528 460 nec
552 411 728 478 plures,
765 417 914 478 quam
949 421 1063 473 tres,
1096 400 1322 458 tribunos
1355 400 1601 458 consulari
1636 416 1781 473 pote·

276 487 398 538 :state
422 490 631 552 creavit,
664 490 784 541 &in
804 490 860 541 iis
883 490 946 537 L.
972 485 1262 552 Quinfflum
1282 485 1561 536 Cincinnati
1586 485 1785 534 filiumz

280 564 345 616 ex
371 569 509 631 cujus
533 567 781 620 dictatum
799 566 987 617 invidia
1007 564 1246 615 tumultus
1262 564 1583 630 quaerebatur.
1651 565 1785 612 Prae-

277 644 404 694 latus
441 644 678 712 suffragiis
718 644 954 710 Quinfflo
989 646 1149 692 Mam.
1181 643 1425 708 AEmilius,
1459 643 1541 693 vir
1580 640 1785 707 summa

279 716 553 786 dignitatis.
623 725 684 771 L.
713 721 901 786 Julium
924 719 1126 768 tertium
1150 727 1335 768 creant.

348 800 623 849 XV11.In
661 798 841 847 horum
870 795 1156 860 magistratu
1195 795 1405 860 Fidenae,
1440 793 1639 845 colonia
1671 794 1781 844 Ro-

273 882 445 938 mana,
481 875 543 926 ad
583 878 794 927 Lartem
823 873 1152 925 Tolumnium
1189 868 1491 936 chentium
1521 887 1690 937 regem
1720 886 1785 922 ac

281 953 517 1017 Vejentes
556 951 793 1002 defecere.
862 951 1031 1015 Majus
1068 949 1292 1000 additum
1320 947 1582 1000 defestioni
1606 949 1779 998 scelus.

281 1034 344 1083 C.
371 1032 667 1095 Fulcinium,
706 1029 930 1080 Cloelium
955 1029 1182 1092 Tullum,
1219 1032 1299 1095 Sp.
1323 1028 1554 1090 Ancium‚
1590 1029 1653 1076 L.
1674 1029 1779 1076 Ro·-

279 1104 454 1174 scium,
489 1110 677 1174 legatos
697 1113 963 1173 RomanOS,
1000 1107 1196 1157 causam
1214 1107 1340 1156 novi
1358 1105 1542 1156 consilii
1560 1120 1783 1172 quaeren·

275 1199 369 1250 τες,
401 1184 529 1249 juffu
554 1187 814 1235 Tolumnii
838 1184 1205 1235 interfecerunt.
1263 1177 1461 1233 Levant
1484 1182 1683 1249 quidam
1704 1197 1782 1231 re·

279 1264 356 1326 gis
388 1261 594 1311 facinus.
644 1263 695 1311 in
730 1261 1010 1309 tesserarum
1043 1257 1280 1326 prospero
1310 1256 1442 1322 jafiu
1473 1273 1651 1308 vocem
1675 1258 1787 1320 ejus

279 1340 583 1404 ambiguam,
616 1349 674 1388 ut
692 1338 853 1409 occidi
882 1335 1058 1403 juffiffe
1080 1337 1347 1401 videretur,
1381 1337 1446 1385 ab
1464 1335 1787 1387 Fidenatibus

280 1428 563 1485 exceptam,
598 1416 793 1467 causam
814 1418 992 1467 mortis
1011 1417 1185 1480 legatis
1201 1413 1358 1466 fuiss‘e.
1426 1418 1552 1464 Rem
1570 1413 1789 1464 incredi-

281 1495 472 1559 bilem;
520 1497 807 1548 interventu
847 1496 1173 1560 Fidenatium,
1224 1511 1476 1546 novorum
1515 1494 1782 1558 sociorum,

277 1572 647 1627 consulentium
671 1575 730 1626 de
764 1575 893 1627 caede
916 1576 1215 1642 rupturajus
1236 1575 1477 1639 gentium,
1511 1589 1611 1623 non
1635 1587 1785 1622 aver·

283 1648 394 1702 sum
415 1653 478 1703 ab
501 1655 775 1703 intentione
798 1652 928 1703 lusus
944 1654 1193 1703 animum:
1229 1668 1320 1701 nec
1338 1649 1512 1721 deinde
1534 1650 1586 1699 in
1603 1650 1781 1699 horro-

282 1747 392 1799 rem
410 1731 606 1782 versum
623 1732 830 1783 facinus.
868 1733 1070 1799 propius
1093 1731 1158 1779 est
1178 1729 1339 1793 fidem,
1377 1728 1611 1792 obstringi
1634 1728 1783 1778 Fide.

284 1811 479 1862 natium
501 1810 760 1878 populum,
796 1826 857 1860 ne
882 1809 1118 1876 respicere
1135 1808 1270 1877 spem
1292 1809 1443 1857 ull'am
1464 1807 1527 1855 ab
1545 1808 1793 1859 Romani&

284 1887 456 1955 postet,
492 1880 790 1940 conscientia
814 1891 934 1938 tanti
962 1887 1151 1937 sceleris
1173 1882 1398 1946 voluisse.
1456 1888 1779 1949 Legatorum,

283 1968 371 2033 qui
402 1967 593 2018 Fidenis
615 1968 717 2018 caefi
741 1978 895 2031 erant,
930 1967 1108 2035 statuae,
1119 1967 1311 2034 publice
1326 1967 1380 2015 in
1415 1964 1596 2018 Rostris
1615 1964 1785 2033 pofitae

284 2045 415 2097 sunt.
489 2052 617 2099 Cum
663 2048 955 2112 chentibus
995 2045 1424 2111 Fidenatibusque,
1458 2055 1784 2111 praetcrquam
1870 2052 1880 2063 ⁸

284 2118 511 2195 finitimis
539 2126 750 2196 popuIiS,
785 2127 848 2177 ab
872 2124 1016 2176 causa
1042 2126 1194 2186 etiam
1227 2135 1330 2174 tam
1356 2122 1567 2181 nefanda
1598 2123 1790 2189 bellum,

283 2204 488 2270 exortis,
526 2216 676 2256 atrox
711 2204 967 2256 dimicatio
1005 2202 1237 2258 instabat,
1301 2204 1489 2267 Itaque‘
1511 2200 1572 2251 ad
1613 2216 1782 2251 curam

284 2279 488 2332 fiimmae
505 2274 682 2347 rerum,
698 2283 865 2353 quieta
879 2281 1024 2350 plebe
1045 2279 1352 2345 tribunisque
1380 2280 1507 2344 ejus,
1518 2277 1639 2328 nihil
1658 2294 1785 2329 con·

283 2360 536 2412 troverfiae
567 2362 681 2426 fuit,
714 2361 833 2427 quin
868 2358 1091 2410 consules
1120 2368 1402 2408 crearentur
1423 2360 1501 2406 M.
1528 2356 1782 2421 Geganius

285 2438 576 2489 Macerinus
605 2440 809 2489 tertium
831 2439 880 2489 ἃ
904 2441 966 2488 L.
993 2436 1188 2502 Sergius
1208 2436 1443 2497 Fidenas;
1477 2442 1506 2485 a
1527 2435 1657 2486 bello
1676 2451 1784 2485 cre»

259 2514 372 2580 -do,
409 2516 544 2583 quod
566 2516 741 2568 deinde
763 2516 915 2581 gestit,
947 2515 1264 2583 appellatum.
1333 2517 1429 2565 Hic
1447 2514 1577 2564 enim
1597 2516 1795 2583 primus

283 2593 356 2644 cis
380 2596 624 2645 Anienem
647 2610 763 2647 cum
784 2610 898 2660 rege
924 2595 1211 2658 Vejentium
1235 2592 1448 2644 secundo
1466 2593 1639 2661 proelio
1662 2609 1791 2644 con-—

284 2671 435 2738 flixit,
472 2689 563 2725 nec
597 2673 904 2724 incruentam
938 2673 1200 2724 victoriam
1233 2673 1417 2723 retulit.
1488 2672 1658 2736 Major
1689 2674 1794 2723 ita·

286 2765 385 2816 que
409 2767 474 2802 ex
514 2750 707 2802 civibus
745 2750 920 2804 amiffis
943 2750 1105 2816 dolor,
1138 2756 1288 2816 quam
1308 2748 1478 2801 laetitia
1498 2749 1611 2799 fusis
1635 2750 1786 2801 hosti-

285 2826 380 2879 bus
404 2829 515 2879 fuit.
566 2829 618 2879 ec
649 2828 858 2895 senatus,
891 2839 950 2879 ut
983 2830 1036 2881 in
1070 2828 1274 2897 trepidis
1301 2827 1460 2891 rebus,
1494 2826 1794 2880 distatorem-

287 2904 392 2956 dici
414 2910 575 2959 Mam.
601 2906 856 2959 AEmilium
873 2907 1023 2975 jussit.
1094 2911 1143 2958 Is
1166 2907 1450 2972 magistrum
1472 2908 1695 2975 equitum
1717 2921 1789 2961 ex

289 2983 503 3057 collegio
537 2984 717 3056 prioris
748 2985 883 3052 anni,
917 3001 1020 3055 quo
1053 2983 1203 3037 simul
1220 2984 1409 3037 tribuni
1426 2985 1792 3100 ωἰλὶωιιιῶιὲιέ.
