2092 3734
407 84 436 109 κ’

334 270 438 335 246
844 273 1303 326 T.L1v11

331 358 595 427 multiplex
616 358 806 425 religio,
841 361 891 410 ἃ
914 361 1145 427 pleraque
1166 373 1384 426 externa,
1420 360 1623 424 invafit3
1655 360 1841 416 novos‘

331 438 455 489 ritus
494 437 796 487 sacrificandi
833 437 1155 488 vaticinando
1177 439 1496 488 inserentibus
1536 441 1588 488 in
1627 440 1824 505 domos,

333 516 512 583 quibus
557 515 754 580 quaestui
777 513 888 564 sunt
926 515 1058 582 capti
1081 513 1421 581 superstitione
1442 517 1623 566 animi:
1660 517 1827 567 donec

329 594 555 661 publicus
574 592 679 656 jam
703 592 863 659 pudor
882 591 940 641 ad
961 593 1199 659 primores
1222 595 1438 643 civitatis
1456 594 1698 660 pervenit,
1715 609 1825 643 cer-

331 681 503 720 nentes
525 673 577 719 in
599 670 828 719 omnibus
849 668 974 717 vicis
996 667 1274 734 sacellisque
1296 670 1551 736 peregrina
1572 682 1720 735 atque
1744 671 1827 718 in·

330 745 475 797 solita
505 749 695 815 piacula
718 749 848 814 pacis
882 744 1043 796 Deum
1077 746 1414 814 exposcendae.
1484 752 1671 797 Datum
1705 747 1830 797 inde

327 824 587 888 negotium
619 823 851 887 aedilibus,
900 833 958 871 ut
990 823 1454 888 animadverterent,
1495 840 1555 873 ne
1595 825 1696 890 qui,
1731 823 1825 876 niti

250 919 293 968 ᾗ
328 903 545 951 Romani
581 903 686 964 Dii,
719 916 816 949 neu
838 915 940 965 quo
972 900 1073 949 alio
1107 915 1263 965 more,
1288 906 1435 966 quarn
1471 902 1648 969 patri0,
1684 901 1822 955 colet-

328 989 514 1028 rentur.
568 981 659 1028 Irae
679 975 910 1028 adversus
932 976 1166 1040 vejentes
1188 978 1238 1026 in
1261 976 1596 1043 insequentem
1618 993 1826 1044 annum,

332 1059 391 1105 C.
418 1055 678 1106 Servilium
703 1053 927 1115 Ahalam,
962 1055 1022 1103 L.
1062 1053 1311 1119 Papirium
1340 1054 1672 1118 Mugillanum
1696 1071 1817 1105 con-

327 1128 469 1196 sules,
502 1132 663 1182 dilatae
684 1131 812 1180 sunt.
858 1133 1012 1179 Tunc
1032 1144 1248 1195 quoque,
1271 1144 1335 1178 ne
1357 1131 1612 1180 confestim
1634 1124 1827 1182 bellum·

326 1208 640 1271 indiceretur,
673 1212 801 1258 n'eve
824 1206 1068 1256 exercitus
1094 1206 1422 1271 mitterentur,
1455 1209 1632 1271 religio
1665 1208 1819 1257 obsti-

325 1288 406 1337 tit.
452 1286 646 1336 feciales
669 1287 803 1352 prius
835 1283 1102 1333 mittendos
1124 1283 1185 1333 ad
1213 1298 1290 1334 res
1317 1286 1602 1352 repetendas
1625 1284 1821 1336 censue-

322 1354 430 1416 re.'
467 1368 596 1414 Cum
634 1362 927 1426 Vejentibus
963 1377 1124 1429 nuper
1152 1364 1260 1412 acie
1297 1362 1585 1413 dimicatum
1608 1364 1671 1413 ad
1708 1368 1827 1415 No-‘

323 1454 547 1495 mentum
570 1444 621 1492 8<
637 1442 842 1492 Fidenas
861 1441 1056 1490 fuerat:
1092 1440 1399 1507 induciaeque
1420 1441 1548 1506 inde,
1570 1457 1673 1493 non
1696 1458 1818 1509 pax,

315 1522 467 1587 fasta,
501 1536 711 1588 quarum
738 1521 794 1570 &c
818 1519 919 1569 dies
942 1519 1150 1582 exierat,
1185 1520 1234 1569 8<
1256 1529 1371 1568 ante
1393 1519 1524 1569 diem
1545 1521 1818 1571 rebellave-

324 1613 453 1655 rant.
520 1599 653 1650 Missi
687 1608 852 1648 tamen
885 1596 1114 1647 feciales:
1148 1612 1241 1646 nec
1276 1613 1464 1662 eorum,
1499 1614 1652 1662 quum
1676 1615 1820 1651 more

323 1674 522 1749 patrum
538 1678 691 1740 jurati
713 1684 984 1743 repeterent
1004 1689 1099 1738 τες,
1131 1674 1289 1723 verba
1316 1673 1430 1724 sunt
1456 1675 1641 1743 audita.
1681 1680 1816 1727 Con-

323 1757 562 1808 troversia
599 1755 712 1806 inde
753 1756 866 1818 fuit,
915 1759 1086 1803 utrum
1130 1753 1302 1819 populi
1341 1752 1472 1819 jussu
1517 1753 1823 1805 indiceretur

322 1834 522 1896 bellum,
567 1848 631 1881 an
677 1833 788 1881 satis
838 1831 955 1881 effet
998 1830 1485 1881 senatusconsultum.
1555 1834 1821 1887 Pervi'cere‘

322 1911 524 1973 tribuni;
548 1909 888 1959 denunciando
912 1909 1235 1974 impedituros
1252 1910 1306 1958 se
1328 1908 1583 1974 deleRum,
1618 1921 1677 1960 ut
1695 1926 1816 1963 con·

269 2030 280 2035 -
321 1987 444 2040 sules
480 1988 542 2037 de
572 1987 705 2036 bello
744 1986 807 2036 ad
845 1988 1087 2056 populum
1124 1986 1326 2038 ferrent.
1378 2002 1549 2038 omnes
1582 1991 1821 2040 centuriae

314 2065 511 2132 juffere.
580 2067 641 2114 In
674 2080 737 2113 eo
768 2079 968 2130 quoque
999 2063 1136 2131 plebs
1168 2063 1390 2132 superior
1428 2063 1540 2128 fuit,
1575 2065 1707 2130 quod
1742 2068 1825 2116 te-‘

317 2145 446 2209 nuit,
480 2159 543 2193 ne
566 2142 785 2196 consules
807 2143 858 2191 in
883 2144 1165 2210 proximum
1188 2158 1370 2193 annum
1391 2155 1688 2193 crearentur.

389 2226 591 2273 XXXI.
626 2223 842 2273 Tribuni
875 2222 1088 2273 militum
1112 2220 1359 2270 'consulari'
1378 2222 1613 2288 potestate
1636 2232 1819 2288 quatu·

321 2314 381 2353 or
403 2302 553 2350 creati
576 2299 704 2364 sunt,
741 2305 810 2350 T.
845 2298 1102 2365 Quinctius
1126 2301 1316 2348 Pennus
1345 2313 1410 2348 ex
1440 2298 1709 2363 consulatu,
1749 2303 1812 2349 C.

319 2377 512 2439 Furius,
547 2378 624 2424 M.
670 2375 956 2437 Postumius,
1005 2379 1072 2423 A.
1119 2377 1376 2425 Cornelius
1425 2375 1608 2428 Coss'us.
1644 2389 1709 2424 ex
1748 2374 1817 2424 iis

315 2446 492 2505 Cossus
513 2452 709 2524 praefuit
724 2453 853 2500 urbi.
903 2462 1016 2514 (τες,
1043 2451 1231 2501 delestu
1254 2440 1444 2519 habito,
1469 2452 1673 2523 profesti
1697 2452 1811 2503 sunt

238 2543 287 2588 p
318 2529 490 2592 Vej0s‚
540 2527 935 2592 documentoque
959 2526 1109 2590 fuere,
1143 2533 1290 2594 quam
1312 2530 1528 2597 plurium
1547 2529 1811 2597 imperium

315 2602 447 2653 beno
472 2603 644 2653 inutile
666 2600 797 2651 esset.
869 2603 1148 2653 Tendendo
1166 2604 1234 2652 'ad
1264 2605 1346 2654 sua
1371 2605 1571 2673 quisquc
1595 2601 1813 2679 confilia,

317 2686 470 2744 quum
493 2679 624 2728 aliud
658 2679 742 2728 alii
765 2678 1030 2741 videretur,
1068 2689 1363 2746 aperuerunt
1401 2682 1463 2731 ad
1503 2681 1813 2732 occasionem

229 2748 238 2757 ’
317 2756 483 2806 locum
506 2755 647 2804 hosti.
696 2756 933 2805 incertam
955 2770 1167 2822 namque
1190 2760 1360 2821 aciem,
1393 2758 1584 2823 iignum
1601 2760 1707 2809 aliis
1730 2758 1824 2808 da-‘

316 2835 359 2885 ri
399 2832 631 2897 receptui,
667 2832 774 2881 aliis
809 2834 917 2884 cani
949 2832 1251 2898 jubentibus,
1289 2835 1511 2884 invasere
1533 2838 1811 2910 opportune

317 2910 548 2972 Vejentes
567 2927 581 2960 ε
618 2909 767 2960 castra
801 2910 1078 2976 propinqua
1113 2912 1333 2961 turbatos
1367 2928 1426 2961 ac
1466 2924 1604 2977 terga
1638 2913 1811 2962 dantes

313 2998 563 3055 accepere.
611 2988 716 3055 plus
741 2989 906 3057 itaque
931 2989 1229 3052 ignominiae,
1266 2997 1411 3055 quam
1436 2993 1601 3055 cladis,
1636 2993 1701 3039 est
1724 3008 1807 3040 ac-

315 3074 533 3135 ceptum.
584 3065 758 3118 Moesta
780 3066 956 3117 civitas
979 3066 1093 3133 suit,
1127 3065 1265 3119 vinci
1287 3067 1507 3120 insueta:
1542 3066 1691 3120 odiss’e
1716 3068 1801 3114 tri·

1623 3142 1801 3207 bunos,
