2092 3734
332 188 518 278 252‘
841 216 1295 271 T.1.1v11

399 300 650 353 XXXVI.
685 304 845 370 HuJus
873 309 1064 372 generis
1086 310 1351 374 orationeS,
1386 321 1500 358 eum
1526 304 1712 359 affensu
1731 306 1825 358 ati-⁴

331 379 462 443 ditae,
486 380 755 431 incitavere
776 383 1015 449 quosdam
1035 384 1099 433 ad
1121 385 1384 451 petendum
1405 384 1710 433 tribunatum
1726 381 1822 434 mi·

329 453 493 518 litum,
526 456 678 506 alium
711 458 805 507 alia
838 457 899 508 de
937 461 1211 511 commodis
1243 460 1397 526 plebis
1432 459 1646 508 laturum
1680 457 1730 508 se
1769 458 1824 508 in

330 531 617 596 magistratu
637 528 971 601 profitentem.
1042 537 1167 600 Agri
1199 538 1383 605 publici
1406 534 1669 590 dividendi
1683 533 1825 584 colo·

329 608 627 676 niarumque
658 612 1051 663 deducendarum
1074 614 1321 664 ostentata:
1343 613 1466 681 (με,
1501 613 1569 676 &,
1591 608 1824 674 vestigali

331 683 673 751 possessoribus
696 686 927 756 agrorum
948 689 1194 757 imposito,
1229 690 1282 739 in
1299 686 1588 757 stipendium
1611 689 1821 740 militum

299 764 570 826 ‘erogandi
604 767 726 815 aeris.
799 769 1063 834 captatum
1095 765 1271 824 deinde
1298 776 1492 832 tempus
1511 765 1590 814 ‘ab
1613 763 1824 814 tribunis

328 837 565 903 militum,
599 857 702 907 quo
724 858 811 910 per
841 841 1094 892 discessum
1123 842 1383 892 hominum
1405 842 1468 891 ab
1497 841 1634 904 urbe,
1668 854 1829 905 quum-

332 911 500 964 Patres
521 916 811 966 clandestina
832 917 1211 967 denunciatione
1231 918 1454 966 revocati
1476 916 1539 966 ad
1561 916 1692 966 diem
1717 931 1822 964 cer-

331 991 437 1039 tam
476 987 640 1057 effent,
675 992 1144 1045 senatusconsultum
1175 993 1329 1058 fieret,
1363 993 1642 1044 absentibus
1663 992 1833 1043 tribw'

332 1065 409 1115 nis
434 1065 596 1132 plebi:
632 1080 705 1133 ut,
740 1071 975 1135 quoniam
1000 1068 1206 1119 Volscos
1238 1073 1291 1119 in
1315 1070 1642 1121 Hernicorum
1676 1082 1824 1134 agros

285 1190 288 1195 ,
333 1140 604 1207 praedatum
626 1145 773 1195 exiss‘e
807 1146 939 1199 fama
962 1138 1092 1209 effet,
1128 1144 1189 1194 ad
1221 1161 1326 1194 rem
1355 1145 1707 1214 inspiciendam
1730 1145 1819 1194 tri-

205 1244 230 1251 -
330 1215 453 1266 buni
486 1220 701 1272 militum
738 1221 1178 1288 proficiscerentur,
1217 1221 1582 1286 consulariaque
1617 1221 1837 1287 comitia-

334 1292 645 1349 haberentur.
714 1297 925 1346 Profe-&i
950 1300 1048 1362 Ap.
1078 1295 1356 1360 Claudium,
1391 1297 1548 1349 filium
1571 1296 1820 1345 decemvi-

329 1367 392 1430 ri,
427 1369 707 1435 praefeftum
728 1374 863 1422 urbis
888 1374 1185 1438 relinquunt,
1209 1373 1473 1441 impigrum
1489 1374 1744 1438 juvenem,
1767 1374 1822 1425 ἃ

326 1443 433 1507 jam
464 1445 578 1496 inde
612 1449 676 1498 ab
713 1450 1019 1499 incunabulis
1058 1448 1305 1499 imbutum
1350 1450 1468 1500 odio
1507 1451 1820 1500 tribunorum

323 1521 600 1590 plebisque.
647 1526 855 1585 tribunis
887 1526 1019 1593 plebi
1053 1541 1145 1576 nec
1169 1541 1281 1576 cum
1304 1526 1585 1576 absentibus
1623 1527 1697 1591 iis,
1733 1530 1847 1592 qui—

332 1589 800 1652 senatusconsultum
827 1601 1062 1663 fecerant,
1097 1616 1188 1652 nec
1225 1615 1339 1652 cum
1369 1600 1552 1670 Appio,
1586 1600 1823 1654 transaaa

330 1690 402 1741 re,
438 1676 573 1742 quod
595 1678 962 1742 contenderent,
997 1678 1111 1728 fuit.
1844 1710 1853 1715 -

400 1757 678 1804 XXXVII.
716 1756 880 1804 Creati
909 1754 1129 1805 consules
1165 1753 1275 1804 sunt
1315 1755 1372 1803 C.
1411 1752 1723 1822 Sempronius
1747 1755 1820 1805 A-

332 1832 556 1894 tratinus,
607 1835 674 1896 Q.
715 1832 895 1881 Fabius
934 1832 1226 1889 Vibulanus.
1295 1831 1555 1894 Peregrina
1594 1845 1685 1895 res,
1736 1829 1821 1882 sed

329 1908 568 1957 memoria
607 1909 771 1973 digna,
806 1910 1015 1958 traditur
1048 1925 1110 1958 eo
1144 1924 1275 1958 anno
1307 1908 1463 1958 fasta:
1497 1909 1821 1975 Vulturnum,

330 1984 648 2045 Etruscorum
672 1986 1004 2053 urbem‚3quae
1027 2001 1157 2035 nunc
1195 1990 1365 2053 Capua
1390 1986 1470 2050 est,
1505 1985 1568 2034 ab
1592 1985 1822 2037 samniti-

321 2061 420 2112 bus
444 2073 663 2128 captam,
652 2082 663 2093 ·
699 2067 1017 2131 Capuamque
1042 2064 1107 2113 ab
1144 2062 1266 2113 duce
1301 2079 1474 2114 eorum
1513 2067 1703 2131 Capye,
1735 2064 1820 2115 vel

328 2141 483 2205 (quod
506 2142 707 2208 propius
741 2158 865 2191 vcro
894 2142 977 2205 est)
1009 2146 1067 2190 a
1072 2140 1322 2208 campestri
1359 2155 1482 2205 agro
1503 2141 1817 2208 appellatam.

333 2221 522 2286 Cepere
543 2229 726 2285 autern,
761 2221 896 2287 prius
923 2219 1055 2268 bello
1088 2217 1304 2281 fatigatis
1327 2217 1554 2280 Etruscis,
1588 2219 1641 2267 in
1665 2218 1820 2268 socie·

321 2304 486 2344 'tatem
505 2296 641 2347 urbis
660 2312 991 2362 agrorumque
1010 2296 1233 2361 accepti·
1267 2282 1442 2344 deinde
1463 2294 1584 2345 festo
1606 2293 1684 2346 die
1705 2310 1817 2359 gra·

269 2368 275 2372 ”
330 2390 421 2425 ves
443 2374 616 2424 somno
653 2374 904 2441 epulisque
937 2372 1122 2422 incolas
1158 2382 1349 2422 veteres
1376 2373 1503 2422 novi
1525 2362 1688 2423 coloni
1722 2387 1817 2423 no·
1830 2432 1837 2437 Α

328 2452 501 2502 &urna
522 2452 652 2500 caede
673 2452 853 2502 adorti.
920 2451 1014 2499 His
1033 2448 1176 2498 rebus
1197 2447 1330 2512 aistis,
1365 2448 1584 2499 consules
1605 2449 1659 2513 ii,
1690 2463 1816 2515 quos

329 2518 565 2592 diximus,
600 2527 767 2577 Idibus
801 2527 1157 2577 Decembribus
1193 2525 1525 2590 magistratum
1562 2540 1817 2593 occepere.

331 2601 444 2672 Jam
466 2620 568 2653 non
590 2604 766 2666 solum,
801 2603 889 2668 qui
909 2601 972 2650 ad
1003 2600 1057 2651 id
1077 2600 1200 2650 miffi
1221 2613 1375 2666 erant,
1407 2601 1689 2666 retulerant,
1722 2602 1815 2651 im·
1844 2638 1860 2649 „

327 2683 519 2734 minere
541 2679 775 2729 Volscum
796 2677 1006 2740 belluim
1040 2675 1122 2726 sed
1153 2676 1300 2741 legati
1321 2690 1521 2743 quoque
1542 2677 1607 2727 ab
1627 2677 1820 2726 Latinis
1844 2714 1851 2721 .

332 2756 631 2810 &Hernicis
658 2755 973 2818 nunciabant,
1008 2756 1120 2802 Non
1140 2757 1240 2805 ant>
1258 2769 1439 2823 unquam
1460 2751 1636 2818 Volfios
1641 2767 1717 2805 nec
1736 2753 1815 2804 du·
1848 2793 1861 2802 ,

328 2839 442 2892 cibus
466 2835 665 2904 legendis,
698 2850 772 2883 nec
796 2834 1002 2885 erercitni
1015 2829 1248 2899 scribendo,
1282 2831 1524 2881 intentiores
1532 2830 1682 2898 futffi.
1716 2828 1819 2879 vul·
1845 2821 1863 2875 f

323 2941 386 2992 gv
379 2915 612 2985 fremere,
643 2922 719 2963 aut
750 2913 793 2961 in
806 2919 1068 2979 perpetuum
1089 2923 1214 2957 arma
1241 2907 1471 2975 bellumque
1491 2905 1692 2958 oblivioni
1710 2907 1816 2961 dan·
1842 2926 1847 2933 ·
1902 2945 1912 2959 .

331 3000 406 3066 ια,
426 3000 663 3068 jugumque
693 2990 1007 3059 accipiendum·
1040 2994 1119 3040 aut
1148 2985 1221 3054 iis,
1252 3000 1348 3037 cum
1378 2984 1522 3057 quibus
1552 2985 1606 3041 de
1635 2985 1841 3054 imper-10

1304 3107 1317 3114 -
1496 3107 1502 3111 .
1676 3070 1817 3112 certe-
