2092 3734
319 275 384 327 n
848 257 1307 312 T.LIVI1

240 349 252 359 ⁸
309 350 479 418 primo
499 355 603 397 tam
621 358 769 397 novae
789 347 861 397 rei
884 364 942 398 ac
965 346 1138 398 subitae
1158 346 1422 398 admiratio
1438 344 1699 397 incluserat
1719 358 1817 396 vo-

315 443 446 477 cem.
517 426 698 475 Dicere
750 424 926 474 deinde
961 426 1284 492 incipientem
1324 423 1563 491 primores
1600 423 1819 473 civitatis

312 502 683 565 circumsistunt,
715 501 887 552 cadem
920 503 1088 552 multis
1110 503 1336 569 precibus
1364 510 1528 550 orant.
1587 501 1637 550 a&
1657 501 1817 550 ceteri

308 580 512 649 quidem
525 579 800 631 movebant
818 581 1002 630 minus.
1036 581 1299 645 Postquam
1321 584 1406 646 Sp.
1431 578 1691 629 Lucretius
1713 593 1819 627 ma·

307 660 393 725 jor
413 666 552 708 aetatc
572 671 630 706 ac
652 656 912 721 dignitate,
944 655 1086 706 socer
1107 665 1341 722 praeterea
1363 654 1527 722 ipsius,
1559 670 1703 720 agere
1731 670 1820 704 va-

310 737 401 801 rie,
435 732 656 799 rogando
682 732 880 783 alternis
921 732 1283 799 suadendoque,
1316 734 1487 800 coepit,
1522 744 1579 783 ut
1607 731 1744 783 vinci
1767 731 1820 781 se

309 810 549 867 consensu
569 810 784 862 civitatis
800 819 1077 878 pateretui-3
1110 810 1285 860 timens
1303 811 1489 876 consul,
1513 826 1576 860 ne
1594 810 1818 878 postmo-

308 895 433 946 dum
456 892 655 960 privato
681 889 768 940 fibi
789 887 959 939 cadem
993 889 1077 938 illa
1109 904 1225 937 cum
1257 888 1508 956 bonorum
1544 888 1815 953 arnissione,

313 971 577 1036 additaque
597 968 690 1018 alia
706 966 903 1034 insuper
924 966 1215 1031 ignominia,
1238 965 1534 1030 acciderent,
1556 966 1816 1024 abdicavit

309 1049 366 1100 se
382 1046 668 1099 consulatu:
705 1042 942 1110 rebusque
960 1041 1056 1094 suis
1077 1042 1307 1093 omnibus
1330 1044 1602 1094 Lavinium
1620 1043 1818 1095 transsa-

307 1126 388 1189 tis,
422 1123 626 1175 civitate
642 1120 790 1171 cessit.
860 1124 1037 1171 Brutus
1055 1135 1121 1169 ex
1144 1118 1562 1170 senatusconsulto
1579 1118 1642 1170 ad
1659 1135 1818 1187 popu-

310 1207 418 1257 lum
444 1201 573 1264 tulit,
605 1209 664 1249 ut
696 1212 866 1250 omnes
895 1196 1184 1262 Tarquiniae
1216 1196 1375 1260 gentis
1400 1195 1591 1246 exsules
1628 1196 1812 1246 essent:

313 1281 555 1345 collegam
572 1277 662 1327 sibi
683 1275 896 1327 comitiis
918 1274 1200 1325 centuriatis
1222 1273 1412 1324 creavit
1443 1273 1814 1339 P.vale1ium;

314 1375 416 1427 quo
436 1356 661 1420 adjutore
682 1368 820 1418 reges
841 1351 1071 1416 ejecerat.
1147 1401 1154 1405 ,

374 1438 475 1486 111.
510 1437 683 1499 Quum
697 1430 828 1481 haud
850 1431 1080 1495 cuiquam
1101 1430 1155 1479 in
1183 1427 1337 1482 dubio
1361 1427 1495 1492 esset,
1529 1427 1717 1480 bellum
1746 1427 1814 1479 ab

309 1513 599 1581 Tarquiniis
636 1510 909 1572 imminere,
953 1507 1006 1558 id
1036 1507 1237 1574 quidem
1273 1505 1360 1575 spe
1398 1509 1626 1558 omnium
1661 1508 1816 1558 serius

310 1592 427 1643 suit.
480 1593 718 1652 ceterum,
751 1586 803 1637 id
834 1585 968 1652 quod
998 1601 1104 1636 non
1141 1586 1399 1649 timebant,
1437 1601 1524 1653 per
1561 1585 1733 1635 dolum
1754 1602 1818 1654 ae

315 1668 651 1739 proditionem
673 1670 828 1734 prope
842 1664 1039 1715 libertas
1061 1663 1229 1713 amissa
1249 1664 1333 1712 est.
1386 1666 1540 1713 Erant
1561 1665 1613 1713 in
1628 1667 1814 1713 Roma,

312 1763 379 1799 na
395 1747 660 1812 juventute
680 1740 1007 1794 adolescentes
1027 1740 1234 1807 aliquot,
1267 1756 1358 1794 nec
1378 1740 1415 1790 ii
1440 1742 1576 1790 tenui
1598 1740 1712 1790 loco
1730 1756 1822 1803 or-‚

309 1826 369 1890 ti,
401 1838 614 1891 quorum
635 1822 688 1872 in
708 1836 864 1885 regno
886 1818 1041 1870 libido
1064 1819 1273 1869 solutior
1293 1818 1471 1880 fuerat,
1508 1816 1711 1883 aequales
1734 1816 1811 1866 so·

310 1901 535 1967 dalesque
554 1896 936 1951 adolescentium
953 1896 1363 1961 Tarquiniorum,
1387 1892 1556 1944 affueti
1574 1894 1813 1943 morere-

305 1982 393 2047 gio
412 1980 606 2030 vivere.
656 1977 781 2026 Eam
802 1984 925 2036 tum,
949 1982 1141 2037 aequato
1155 1973 1264 2035 Jure
1287 1972 1531 2033 omnium,
1557 1970 1815 2025 licentiam

303 2067 588 2127 qum-entes,
621 2052 899 2103 libertatem
921 2050 1161 2099 aliorum
1147 2067 1201 2099 in
1218 2049 1356 2099 suam
1374 2047 1571 2098 vertiffe
1589 2046 1810 2104 servitu
1829 2109 1832 2114 Ι

311 2146 415 2186 tem
437 2135 566 2184 inter
584 2130 635 2181 se
650 2127 1094 2196 conquerebantur.
1143 2129 1308 2194 Regem
1336 2126 1545 2180 hominem
1562 2124 1654 2194 effi,
1687 2130 1719 2175 ἃ
1739 2143 1817 2195 quo

310 2215 532 2281 impetres,
563 2210 631 2260 ubi
651 2209 744 2273 jus,
776 2205 881 2257 ubi
865 2207 1025 2271 mjuria
1045 2217 1198 2272 opust
1159 2206 1257 2271 fit.-
1290 2204 1537 2273 effigratiae
1556 2206 1706 2269 locum,
1739 2205 1818 2273 ff

309 2289 536 2357 henefici03
569 2289 623 2339 h·
639 2287 760 2355 irassi
782 2285 836 2336 ό·
859 2285 1068 2352 igmfiere
1077 2284 1219 2351 poffi:
1253 2285 1368 2334 inter
1381 2287 1565 2335 amicum
1585 2293 1709 2351 atque
1728 2287 1813 2335 im·

312 2369 471 2418 micum
492 2368 536 2416 di
554 2367 714 2416 crimen
732 2362 856 2431 nb'ffl.
904 2366 1042 2431 Leges
1063 2379 1156 2413 rem
1161 2363 1358 2428 surdam,
1392 2364 1687 2414 inexorabilem
1703 2361 1809 2434 ff,

298 2444 579 2519 salubriorem
598 2442 888 2509 melioremque
907 2441 1039 2506 inopi,
1072 2457 1202 2507 quam
1233 2441 1438 2506 potensi.-
1471 2440 1582 2491 nihil
1600 2441 1814 2494 laxamen-

294 2523 350 2575 <ti
367 2538 442 2573 nec
456 2522 589 2572 venia
607 2519 771 2582 habere,
794 2518 838 2583 st
858 2518 1024 2567 modum
1046 2516 1273 2583 exceff'eris.
1335 2518 1622 2585 periculostem
1643 2517 1734 2586 ff,
1768 2520 1817 2569 in

302 2608 371 2652 tot
401 2598 594 2648 humanis
625 2597 833 2647 erroribus
842 2595 937 2662 sold
968 2597 1202 2645 innocentid
1223 2596 1399 2645 vivere.
1467 2598 1562 2660 Ita,
1592 2596 1698 2659 jam
1729 2595 1817 2649 sua

313 2677 490 2745 sponte
512 2675 652 2741 agris
672 2674 866 2737 animis,
897 2672 1042 2738 legati
1062 2672 1127 2736 ab
1148 2672 1343 2742 regibus
1367 2671 1739 2739 superveniunt,
1756 2672 1817 2724 fi?

307 2767 373 2805 ne
392 2751 643 2803 mentione
665 2750 847 2800 reditus
881 2749 1017 2799 bona
1038 2751 1233 2798 tantum
1255 2758 1548 2816 repetentes·
1597 2805 1602 2814 ,
1624 2750 1816 2802 Eorum

307 2830 463 2883 verba
483 2828 738 2898 postquam
758 2830 810 2878 in
833 2828 1002 2879 senatu
1022 2826 1190 2877 audita
1211 2825 1340 2891 sunt,
1377 2842 1465 2894 per
1498 2827 1691 2893 aliquot
1712 2826 1838 2879 dies·

312 2925 375 2960 ea
394 2906 690 2959 consultatio
706 2907 895 2957 tenuit:
930 2922 992 2956 ne
1009 2920 1114 2955 non
1134 2903 1343 2969 reddita,
1360 2905 1477 2955 belli
1500 2904 1670 2967 causa;
1703 2905 1817 2957 red-

306 2985 434 3048 dita,
472 2983 588 3034 belli
607 2984 814 3034 materia
835 2982 887 3033 ec
908 2982 1250 3045 adjumentum
1269 2979 1442 3031 essent.
1509 2983 1719 3034 Interim
1741 2982 1812 3031 lev

313 3061 424 3129 zati
447 3061 534 3114 alii
569 3061 669 3115 alia
698 3060 885 3129 moliri,
917 3058 1243 3130 aperte-bona
1261 3068 1568 3132 repetentes„
1586 3058 1717 3125 elain
1737 3071 1814 3106 re-

1546 3132 1816 3204 cuperandi
