<?xml version="1.0" encoding="UTF-8"?>
<!DOCTYPE html PUBLIC "-//W3C//DTD XHTML 1.0 Transitional//EN"
    "http://www.w3.org/TR/xhtml1/DTD/xhtml1-transitional.dtd">
<html xmlns="http://www.w3.org/1999/xhtml" xml:lang="en" lang="en">
 <head>
  <title>
</title>
<meta http-equiv="Content-Type" content="text/html;charset=utf-8" />
  <meta name='ocr-system' content='tesseract 3.04.00' />
  <meta name='ocr-capabilities' content='ocr_page ocr_carea ocr_par ocr_line ocrx_word'/>
</head>
<body>
  <div class='ocr_page' id='page_1' title='image "./historiarumabur03livygoog_0278.png"; bbox 0 0 2092 3734; ppageno 0'>
   <div class='ocr_carea' id='block_1_1' title="bbox 286 140 1265 195">
    <p class='ocr_par' dir='ltr' id='par_1_1' title="bbox 286 140 1265 195">
     <span class='ocr_line' id='line_1_1' title="bbox 286 140 1265 195; baseline -0.003 0"><span class='ocrx_word' id='word_1_1' title='bbox 286 140 384 195; x_wconf 72' lang='lat'><strong>226</strong></span> <span class='ocrx_word' id='word_1_2' title='bbox 806 141 1265 195; x_wconf 84' lang='lat' dir='ltr'>T.L1V11</span> 
     </span>
    </p>
   </div>
   <div class='ocr_carea' id='block_1_2' title="bbox 249 186 1787 536">
    <p class='ocr_par' dir='ltr' id='par_1_2' title="bbox 249 186 1787 536">
     <span class='ocr_line' id='line_1_2' title="bbox 286 186 1780 297; baseline -0.002 -17"><span class='ocrx_word' id='word_1_3' title='bbox 286 226 363 280; x_wconf 79' lang='lat' dir='ltr'><strong>sul</strong></span> <span class='ocrx_word' id='word_1_4' title='bbox 389 227 692 297; x_wconf 79' lang='lat' dir='ltr'><strong>triumphans</strong></span> <span class='ocrx_word' id='word_1_5' title='bbox 731 229 785 281; x_wconf 84' lang='lat' dir='ltr'><strong>in</strong></span> <span class='ocrx_word' id='word_1_6' title='bbox 812 232 989 282; x_wconf 89' lang='lat' dir='ltr'><strong>urbem</strong></span> <span class='ocrx_word' id='word_1_7' title='bbox 1021 231 1166 294; x_wconf 88' lang='lat' dir='ltr'><strong>redit,</strong></span> <span class='ocrx_word' id='word_1_8' title='bbox 1205 226 1376 280; x_wconf 82' lang='lat' dir='ltr'><strong>Cloelio</strong></span> <span class='ocrx_word' id='word_1_9' title='bbox 1419 226 1545 280; x_wconf 81' lang='lat' dir='ltr'><strong>duce</strong></span> <span class='ocrx_word' id='word_1_10' title='bbox 1566 186 1780 278; x_wconf 79' lang='lat' dir='ltr'><strong>Volsco·</strong></span> 
     </span>
     <span class='ocr_line' id='line_1_3' title="bbox 286 305 1787 376; baseline 0 -20"><span class='ocrx_word' id='word_1_11' title='bbox 286 320 400 363; x_wconf 82' lang='lat' dir='ltr'><strong>rum</strong></span> <span class='ocrx_word' id='word_1_12' title='bbox 438 317 552 356; x_wconf 84' lang='lat' dir='ltr'><strong>ante</strong></span> <span class='ocrx_word' id='word_1_13' title='bbox 591 324 789 359; x_wconf 76' lang='lat' dir='ltr'><strong>currtun</strong></span> <span class='ocrx_word' id='word_1_14' title='bbox 822 308 984 374; x_wconf 60' lang='lat' dir='ltr'><strong>dubio,</strong></span> <span class='ocrx_word' id='word_1_15' title='bbox 1038 307 1344 376; x_wconf 84' lang='lat' dir='ltr'><strong>praelatisque</strong></span> <span class='ocrx_word' id='word_1_16' title='bbox 1383 305 1567 376; x_wconf 75' lang='lat' dir='ltr'><strong>spoliiS,</strong></span> <span class='ocrx_word' id='word_1_17' title='bbox 1605 306 1787 372; x_wconf 75' lang='lat' dir='ltr'><strong>quibus</strong></span> 
     </span>
     <span class='ocr_line' id='line_1_4' title="bbox 285 381 1783 450; baseline -0.003 -15"><span class='ocrx_word' id='word_1_18' title='bbox 285 381 591 435; x_wconf 84' lang='lat' dir='ltr'>dearmatum</span> <span class='ocrx_word' id='word_1_19' title='bbox 612 387 887 437; x_wconf 81' lang='lat' dir='ltr'><strong>exercitum</strong></span> <span class='ocrx_word' id='word_1_20' title='bbox 908 387 1121 437; x_wconf 89' lang='lat' dir='ltr'><strong>hostium</strong></span> <span class='ocrx_word' id='word_1_21' title='bbox 1142 385 1428 450; x_wconf 86' lang='lat' dir='ltr'><strong>subjugum</strong></span> <span class='ocrx_word' id='word_1_22' title='bbox 1454 383 1667 434; x_wconf 84' lang='lat' dir='ltr'><strong>miserat.</strong></span> <span class='ocrx_word' id='word_1_23' title='bbox 1694 383 1783 432; x_wconf 64' lang='grc' dir='ltr'><strong>ΙΕ-</strong></span> 
     </span>
     <span class='ocr_line' id='line_1_5' title="bbox 249 460 1783 536; baseline -0.001 -26"><span class='ocrx_word' id='word_1_24' title='bbox 249 502 275 536; x_wconf 56' lang='lat'>2</span> <span class='ocrx_word' id='word_1_25' title='bbox 286 461 481 529; x_wconf 82' lang='lat' dir='ltr'><strong>quavit,</strong></span> <span class='ocrx_word' id='word_1_26' title='bbox 517 463 654 528; x_wconf 91' lang='lat' dir='ltr'><strong>quod</strong></span> <span class='ocrx_word' id='word_1_27' title='bbox 687 464 817 514; x_wconf 89' lang='lat' dir='ltr'><strong>haud</strong></span> <span class='ocrx_word' id='word_1_28' title='bbox 847 464 990 515; x_wconf 81' lang='lat' dir='ltr'><strong>facile</strong></span> <span class='ocrx_word' id='word_1_29' title='bbox 1029 465 1112 526; x_wconf 88' lang='lat' dir='ltr'><strong>est,</strong></span> <span class='ocrx_word' id='word_1_30' title='bbox 1150 463 1408 529; x_wconf 74' lang='lat' dir='ltr'><strong>Quinffius</strong></span> <span class='ocrx_word' id='word_1_31' title='bbox 1448 460 1615 512; x_wconf 91' lang='lat' dir='ltr'><strong>consul</strong></span> <span class='ocrx_word' id='word_1_32' title='bbox 1640 471 1783 523; x_wconf 87' lang='lat' dir='ltr'><strong>toga·</strong></span> 
     </span>
    </p>
   </div>
   <div class='ocr_carea' id='block_1_3' title="bbox 289 530 1889 608">
    <p class='ocr_par' dir='ltr' id='par_1_3' title="bbox 289 530 1889 608">
     <span class='ocr_line' id='line_1_6' title="bbox 289 530 1889 608; baseline -0.003 -20"><span class='ocrx_word' id='word_1_33' title='bbox 289 549 366 589; x_wconf 85' lang='lat' dir='ltr'><strong>tus</strong></span> <span class='ocrx_word' id='word_1_34' title='bbox 387 535 561 589; x_wconf 77' lang='lat' dir='ltr'><strong>armati</strong></span> <span class='ocrx_word' id='word_1_35' title='bbox 600 541 810 606; x_wconf 82' lang='lat' dir='ltr'>gloriam</span> <span class='ocrx_word' id='word_1_36' title='bbox 832 542 1064 608; x_wconf 84' lang='lat' dir='ltr'><strong>collegae·</strong></span> <span class='ocrx_word' id='word_1_37' title='bbox 1101 542 1220 607; x_wconf 87' lang='lat' dir='ltr'><strong>quia</strong></span> <span class='ocrx_word' id='word_1_38' title='bbox 1252 538 1530 591; x_wconf 84' lang='lat' dir='ltr'><strong>concordiae</strong></span> <span class='ocrx_word' id='word_1_39' title='bbox 1551 536 1784 606; x_wconf 80' lang='lat' dir='ltr'>pacisque</span> <span class='ocrx_word' id='word_1_40' title='bbox 1878 530 1889 535; x_wconf 69' lang='grc'><strong>”</strong></span> 
     </span>
    </p>
   </div>
   <div class='ocr_carea' id='block_1_4' title="bbox 286 613 1784 843">
    <p class='ocr_par' dir='ltr' id='par_1_4' title="bbox 286 613 1784 843">
     <span class='ocr_line' id='line_1_7' title="bbox 286 613 1784 697; baseline -0.002 -31"><span class='ocrx_word' id='word_1_41' title='bbox 286 615 602 668; x_wconf 87' lang='lat' dir='ltr'><strong>domesticam</strong></span> <span class='ocrx_word' id='word_1_42' title='bbox 638 636 823 697; x_wconf 82' lang='lat' dir='ltr'><strong>curam,</strong></span> <span class='ocrx_word' id='word_1_43' title='bbox 853 620 979 684; x_wconf 81' lang='lat' dir='ltr'><strong>J&#39;ura</strong></span> <span class='ocrx_word' id='word_1_44' title='bbox 1003 618 1186 669; x_wconf 86' lang='lat' dir='ltr'><strong>infimis</strong></span> <span class='ocrx_word' id='word_1_45' title='bbox 1208 617 1499 685; x_wconf 84' lang='lat' dir='ltr'>summisque</span> <span class='ocrx_word' id='word_1_46' title='bbox 1520 613 1784 665; x_wconf 81' lang='lat' dir='ltr'><strong>moderan-</strong></span> 
     </span>
     <span class='ocr_line' id='line_1_8' title="bbox 288 691 1784 766; baseline -0.004 -21"><span class='ocrx_word' id='word_1_47' title='bbox 288 694 374 766; x_wconf 65' lang='lat'><strong>510,</strong></span> <span class='ocrx_word' id='word_1_48' title='bbox 408 696 478 746; x_wconf 87' lang='lat' dir='ltr'><strong>ita</strong></span> <span class='ocrx_word' id='word_1_49' title='bbox 501 697 676 762; x_wconf 88' lang='lat' dir='ltr'><strong>tenuit,</strong></span> <span class='ocrx_word' id='word_1_50' title='bbox 709 710 766 748; x_wconf 89' lang='lat' dir='ltr'><strong>ut</strong></span> <span class='ocrx_word' id='word_1_51' title='bbox 788 713 900 749; x_wconf 87' lang='lat' dir='ltr'><strong>eum</strong></span> <span class='ocrx_word' id='word_1_52' title='bbox 923 698 971 749; x_wconf 75' lang='grc' dir='ltr'><strong>δε</strong></span> <span class='ocrx_word' id='word_1_53' title='bbox 994 701 1160 751; x_wconf 79' lang='lat' dir='ltr'><strong>Patres</strong></span> <span class='ocrx_word' id='word_1_54' title='bbox 1182 697 1409 749; x_wconf 87' lang='lat' dir='ltr'><strong>severum</strong></span> <span class='ocrx_word' id='word_1_55' title='bbox 1432 692 1697 755; x_wconf 86' lang='lat' dir='ltr'><strong>consulem,</strong></span> <span class='ocrx_word' id='word_1_56' title='bbox 1731 691 1784 741; x_wconf 84' lang='lat'>&amp;</span> 
     </span>
     <span class='ocr_line' id='line_1_9' title="bbox 288 771 1784 843; baseline -0.003 -21"><span class='ocrx_word' id='word_1_57' title='bbox 288 775 427 843; x_wconf 83' lang='lat' dir='ltr'><strong>plebs</strong></span> <span class='ocrx_word' id='word_1_58' title='bbox 466 774 577 825; x_wconf 84' lang='lat' dir='ltr'><strong>satis</strong></span> <span class='ocrx_word' id='word_1_59' title='bbox 603 792 799 829; x_wconf 89' lang='lat' dir='ltr'><strong>comem</strong></span> <span class='ocrx_word' id='word_1_60' title='bbox 832 775 1144 828; x_wconf 86' lang='lat' dir='ltr'><strong>crediderint.</strong></span> <span class='ocrx_word' id='word_1_61' title='bbox 1214 779 1278 827; x_wconf 87' lang='lat' dir='ltr'><strong>Et</strong></span> <span class='ocrx_word' id='word_1_62' title='bbox 1306 772 1537 826; x_wconf 83' lang='lat' dir='ltr'><strong>adversus</strong></span> <span class='ocrx_word' id='word_1_63' title='bbox 1559 771 1784 821; x_wconf 82' lang='lat' dir='ltr'><strong>tribunos</strong></span> 
     </span>
    </p>
   </div>
   <div class='ocr_carea' id='block_1_5' title="bbox 176 850 1785 929">
    <p class='ocr_par' dir='ltr' id='par_1_5' title="bbox 176 850 1785 929">
     <span class='ocr_line' id='line_1_10' title="bbox 176 850 1785 929; baseline -0.006 -22"><span class='ocrx_word' id='word_1_64' title='bbox 176 891 197 907; x_wconf 39' lang='lat' dir='ltr'><strong>s</strong></span> <span class='ocrx_word' id='word_1_65' title='bbox 287 850 579 903; x_wconf 69' lang='lat' dir='ltr'><strong>austeritate</strong></span> <span class='ocrx_word' id='word_1_66' title='bbox 616 854 772 922; x_wconf 87' lang='lat' dir='ltr'><strong>plura,</strong></span> <span class='ocrx_word' id='word_1_67' title='bbox 824 859 972 921; x_wconf 75' lang='lat' dir='ltr'><strong>quam</strong></span> <span class='ocrx_word' id='word_1_68' title='bbox 1012 856 1296 918; x_wconf 84' lang='lat' dir='ltr'><strong>certamine,</strong></span> <span class='ocrx_word' id='word_1_69' title='bbox 1341 853 1516 903; x_wconf 90' lang='lat' dir='ltr'><strong>tenuit.</strong></span> <span class='ocrx_word' id='word_1_70' title='bbox 1564 850 1785 929; x_wconf 83' lang='lat' dir='ltr'><strong>quinque</strong></span> 
     </span>
    </p>
   </div>
   <div class='ocr_carea' id='block_1_6' title="bbox 285 930 1786 2939">
    <p class='ocr_par' dir='ltr' id='par_1_6' title="bbox 285 930 1783 1221">
     <span class='ocr_line' id='line_1_11' title="bbox 288 930 1780 999; baseline 0.001 -19"><span class='ocrx_word' id='word_1_71' title='bbox 288 930 584 996; x_wconf 83' lang='lat' dir='ltr'><strong>consulatus,</strong></span> <span class='ocrx_word' id='word_1_72' title='bbox 620 932 794 985; x_wconf 88' lang='lat' dir='ltr'><strong>eodem</strong></span> <span class='ocrx_word' id='word_1_73' title='bbox 831 944 1004 984; x_wconf 86' lang='lat' dir='ltr'><strong>tenore</strong></span> <span class='ocrx_word' id='word_1_74' title='bbox 1042 934 1180 999; x_wconf 79' lang='lat' dir='ltr'><strong>gesti,</strong></span> <span class='ocrx_word' id='word_1_75' title='bbox 1216 933 1420 998; x_wconf 78' lang='lat' dir='ltr'><strong>vitaque</strong></span> <span class='ocrx_word' id='word_1_76' title='bbox 1448 931 1625 992; x_wconf 68' lang='lat' dir='ltr'><strong>omn‘m,</strong></span> <span class='ocrx_word' id='word_1_77' title='bbox 1660 940 1780 976; x_wconf 79' lang='lat' dir='ltr'><strong>con·</strong></span> 
     </span>
     <span class='ocr_line' id='line_1_12' title="bbox 288 1002 1783 1081; baseline -0.004 -18"><span class='ocrx_word' id='word_1_78' title='bbox 288 1009 510 1063; x_wconf 81' lang='lat' dir='ltr'><strong>sulariter</strong></span> <span class='ocrx_word' id='word_1_79' title='bbox 531 1011 653 1076; x_wconf 72' lang='lat' dir='ltr'><strong>asta,</strong></span> <span class='ocrx_word' id='word_1_80' title='bbox 687 1012 963 1063; x_wconf 78' lang='lat' dir='ltr'><strong>verendum</strong></span> <span class='ocrx_word' id='word_1_81' title='bbox 985 1017 1110 1081; x_wconf 78' lang='lat' dir='ltr'><strong>pene</strong></span> <span class='ocrx_word' id='word_1_82' title='bbox 1134 1011 1294 1080; x_wconf 88' lang='lat' dir='ltr'><strong>ipsum</strong></span> <span class='ocrx_word' id='word_1_83' title='bbox 1316 1009 1489 1074; x_wconf 87' lang='lat' dir='ltr'><strong>magis,</strong></span> <span class='ocrx_word' id='word_1_84' title='bbox 1524 1012 1672 1073; x_wconf 75' lang='lat' dir='ltr'><strong>quam</strong></span> <span class='ocrx_word' id='word_1_85' title='bbox 1694 1002 1783 1055; x_wconf 84' lang='lat' dir='ltr'><strong>bo·</strong></span> 
     </span>
     <span class='ocr_line' id='line_1_13' title="bbox 287 1082 1783 1159; baseline -0.007 -16"><span class='ocrx_word' id='word_1_86' title='bbox 287 1104 477 1154; x_wconf 80' lang='lat' dir='ltr'><strong>norem,</strong></span> <span class='ocrx_word' id='word_1_87' title='bbox 532 1090 796 1141; x_wconf 81' lang='lat' dir='ltr'><strong>faciebant.</strong></span> <span class='ocrx_word' id='word_1_88' title='bbox 867 1106 928 1141; x_wconf 91' lang='lat' dir='ltr'><strong>eo</strong></span> <span class='ocrx_word' id='word_1_89' title='bbox 973 1091 1286 1143; x_wconf 89' lang='lat' dir='ltr'><strong>tribunorum</strong></span> <span class='ocrx_word' id='word_1_90' title='bbox 1321 1087 1612 1140; x_wconf 79' lang='lat' dir='ltr'><strong>militarium</strong></span> <span class='ocrx_word' id='word_1_91' title='bbox 1648 1082 1783 1159; x_wconf 71' lang='lat' dir='ltr'><strong>nulla</strong></span> 
     </span>
     <span class='ocr_line' id='line_1_14' title="bbox 285 1167 1029 1221; baseline -0.004 0"><span class='ocrx_word' id='word_1_92' title='bbox 285 1170 477 1221; x_wconf 83' lang='lat' dir='ltr'><strong>mentio</strong></span> <span class='ocrx_word' id='word_1_93' title='bbox 510 1169 584 1218; x_wconf 87' lang='lat' dir='ltr'><strong>his</strong></span> <span class='ocrx_word' id='word_1_94' title='bbox 616 1167 894 1220; x_wconf 83' lang='lat' dir='ltr'><strong>consulibus</strong></span> <span class='ocrx_word' id='word_1_95' title='bbox 916 1169 1029 1220; x_wconf 84' lang='lat' dir='ltr'><strong>suit.</strong></span> 
     </span>
    </p>

    <p class='ocr_par' dir='ltr' id='par_1_7' title="bbox 285 1234 1786 2939">
     <span class='ocr_line' id='line_1_15' title="bbox 295 1234 1782 1313; baseline -0.005 -17"><span class='ocrx_word' id='word_1_96' title='bbox 295 1306 302 1313; x_wconf 38' lang='lat'>‚</span> <span class='ocrx_word' id='word_1_97' title='bbox 355 1234 452 1296; x_wconf 75' lang='lat' dir='ltr'><strong>XI.</strong></span> <span class='ocrx_word' id='word_1_98' title='bbox 494 1244 725 1296; x_wconf 86' lang='lat' dir='ltr'><strong>Consules</strong></span> <span class='ocrx_word' id='word_1_99' title='bbox 749 1257 916 1297; x_wconf 88' lang='lat' dir='ltr'><strong>creant</strong></span> <span class='ocrx_word' id='word_1_100' title='bbox 933 1249 1012 1297; x_wconf 89' lang='lat' dir='ltr'><strong>M.</strong></span> <span class='ocrx_word' id='word_1_101' title='bbox 1038 1247 1246 1296; x_wconf 87' lang='lat' dir='ltr'><strong>Fabium</strong></span> <span class='ocrx_word' id='word_1_102' title='bbox 1273 1244 1594 1306; x_wconf 81' lang='lat' dir='ltr'><strong>Vibulanum,</strong></span> <span class='ocrx_word' id='word_1_103' title='bbox 1614 1237 1782 1290; x_wconf 83' lang='lat' dir='ltr'><strong>Postu-</strong></span> 
     </span>
     <span class='ocr_line' id='line_1_16' title="bbox 288 1320 1784 1374; baseline -0.005 -1"><span class='ocrx_word' id='word_1_104' title='bbox 288 1336 427 1373; x_wconf 86' lang='lat' dir='ltr'><strong>mum</strong></span> <span class='ocrx_word' id='word_1_105' title='bbox 452 1322 708 1373; x_wconf 79' lang='lat' dir='ltr'><strong>}Ebutium</strong></span> <span class='ocrx_word' id='word_1_106' title='bbox 734 1323 1068 1374; x_wconf 84' lang='lat' dir='ltr'><strong>Cornicinem.</strong></span> <span class='ocrx_word' id='word_1_107' title='bbox 1136 1323 1316 1373; x_wconf 82' lang='lat' dir='ltr'><strong>Fabius</strong></span> <span class='ocrx_word' id='word_1_108' title='bbox 1338 1324 1388 1372; x_wconf 68' lang='grc' dir='ltr'><strong>ἃ</strong></span> <span class='ocrx_word' id='word_1_109' title='bbox 1413 1320 1640 1371; x_wconf 85' lang='lat' dir='ltr'><strong>AEbutius</strong></span> <span class='ocrx_word' id='word_1_110' title='bbox 1661 1331 1784 1367; x_wconf 85' lang='lat' dir='ltr'><strong>con·</strong></span> 
     </span>
     <span class='ocr_line' id='line_1_17' title="bbox 288 1394 1783 1465; baseline -0.005 -14"><span class='ocrx_word' id='word_1_111' title='bbox 288 1398 430 1465; x_wconf 88' lang='lat' dir='ltr'><strong>sules,</strong></span> <span class='ocrx_word' id='word_1_112' title='bbox 462 1415 564 1465; x_wconf 90' lang='lat' dir='ltr'><strong>quo</strong></span> <span class='ocrx_word' id='word_1_113' title='bbox 600 1399 780 1464; x_wconf 80' lang='lat' dir='ltr'><strong>majori</strong></span> <span class='ocrx_word' id='word_1_114' title='bbox 810 1401 979 1465; x_wconf 85' lang='lat' dir='ltr'><strong>gloriae</strong></span> <span class='ocrx_word' id='word_1_115' title='bbox 1002 1417 1185 1465; x_wconf 88' lang='lat' dir='ltr'><strong>rerum,</strong></span> <span class='ocrx_word' id='word_1_116' title='bbox 1219 1399 1357 1451; x_wconf 87' lang='lat' dir='ltr'><strong>domi</strong></span> <span class='ocrx_word' id='word_1_117' title='bbox 1379 1398 1595 1464; x_wconf 85' lang='lat' dir='ltr'><strong>forisque</strong></span> <span class='ocrx_word' id='word_1_118' title='bbox 1629 1394 1783 1461; x_wconf 85' lang='lat' dir='ltr'><strong>gesta-</strong></span> 
     </span>
     <span class='ocr_line' id='line_1_18' title="bbox 286 1475 1783 1547; baseline -0.005 -18"><span class='ocrx_word' id='word_1_119' title='bbox 286 1493 418 1540; x_wconf 82' lang='lat' dir='ltr'><strong>rum,</strong></span> <span class='ocrx_word' id='word_1_120' title='bbox 452 1475 706 1528; x_wconf 86' lang='lat' dir='ltr'><strong>succedere</strong></span> <span class='ocrx_word' id='word_1_121' title='bbox 742 1478 790 1527; x_wconf 92' lang='lat' dir='ltr'><strong>se</strong></span> <span class='ocrx_word' id='word_1_122' title='bbox 826 1479 1108 1543; x_wconf 84' lang='lat' dir='ltr'><strong>cernebant,</strong></span> <span class='ocrx_word' id='word_1_123' title='bbox 1141 1479 1376 1547; x_wconf 79' lang='lat' dir='ltr'><strong>(maxime</strong></span> <span class='ocrx_word' id='word_1_124' title='bbox 1402 1489 1568 1527; x_wconf 87' lang='lat' dir='ltr'><strong>autem</strong></span> <span class='ocrx_word' id='word_1_125' title='bbox 1589 1488 1783 1523; x_wconf 83' lang='lat' dir='ltr'><strong>memo-</strong></span> 
     </span>
     <span class='ocr_line' id='line_1_19' title="bbox 287 1549 1785 1624; baseline -0.005 -18"><span class='ocrx_word' id='word_1_126' title='bbox 287 1554 495 1606; x_wconf 74' lang='lat' dir='ltr'><strong>rabilem</strong></span> <span class='ocrx_word' id='word_1_127' title='bbox 532 1571 717 1606; x_wconf 86' lang='lat' dir='ltr'><strong>annum</strong></span> <span class='ocrx_word' id='word_1_128' title='bbox 755 1556 889 1624; x_wconf 89' lang='lat' dir='ltr'><strong>apud</strong></span> <span class='ocrx_word' id='word_1_129' title='bbox 922 1555 1158 1607; x_wconf 87' lang='lat' dir='ltr'><strong>finitimos</strong></span> <span class='ocrx_word' id='word_1_130' title='bbox 1192 1555 1352 1607; x_wconf 90' lang='lat' dir='ltr'><strong>socios</strong></span> <span class='ocrx_word' id='word_1_131' title='bbox 1385 1551 1636 1619; x_wconf 84' lang='lat' dir='ltr'><strong>hostesque</strong></span> <span class='ocrx_word' id='word_1_132' title='bbox 1670 1549 1785 1615; x_wconf 78' lang='lat' dir='ltr'><strong>effe,</strong></span> 
     </span>
     <span class='ocr_line' id='line_1_20' title="bbox 289 1627 1781 1702; baseline -0.002 -20"><span class='ocrx_word' id='word_1_133' title='bbox 289 1634 426 1702; x_wconf 82' lang='lat' dir='ltr'><strong>quod</strong></span> <span class='ocrx_word' id='word_1_134' title='bbox 450 1634 780 1686; x_wconf 84' lang='lat' dir='ltr'><strong>Ardeatibus&#39;</strong></span> <span class='ocrx_word' id='word_1_135' title='bbox 767 1651 819 1685; x_wconf 79' lang='lat' dir='ltr'><strong>in</strong></span> <span class='ocrx_word' id='word_1_136' title='bbox 852 1651 906 1685; x_wconf 84' lang='lat' dir='ltr'><strong>re</strong></span> <span class='ocrx_word' id='word_1_137' title='bbox 940 1636 1179 1702; x_wconf 72' lang='lat' dir='ltr'><strong>praecipiti</strong></span> <span class='ocrx_word' id='word_1_138' title='bbox 1209 1634 1345 1684; x_wconf 74' lang='lat' dir='ltr'><strong>tanta</strong></span> <span class='ocrx_word' id='word_1_139' title='bbox 1374 1632 1506 1683; x_wconf 87' lang='lat' dir='ltr'><strong>foret</strong></span> <span class='ocrx_word' id='word_1_140' title='bbox 1529 1630 1644 1680; x_wconf 86' lang='lat' dir='ltr'><strong>cura</strong></span> <span class='ocrx_word' id='word_1_141' title='bbox 1665 1627 1781 1679; x_wconf 83' lang='lat' dir='ltr'><strong>sub·</strong></span> 
     </span>
     <span class='ocr_line' id='line_1_21' title="bbox 290 1707 1782 1791; baseline -0.004 -29"><span class='ocrx_word' id='word_1_142' title='bbox 290 1714 517 1776; x_wconf 82' lang='lat' dir='ltr'><strong>ventum)</strong></span> <span class='ocrx_word' id='word_1_143' title='bbox 551 1730 611 1767; x_wconf 85' lang='lat' dir='ltr'><strong>co</strong></span> <span class='ocrx_word' id='word_1_144' title='bbox 651 1714 931 1791; x_wconf 77' lang='lat' dir='ltr'><strong>impensius,</strong></span> <span class='ocrx_word' id='word_1_145' title='bbox 966 1724 1023 1763; x_wconf 90' lang='lat' dir='ltr'><strong>ut</strong></span> <span class='ocrx_word' id='word_1_146' title='bbox 1063 1713 1278 1764; x_wconf 88' lang='lat' dir='ltr'><strong>delerent</strong></span> <span class='ocrx_word' id='word_1_147' title='bbox 1300 1709 1496 1780; x_wconf 88' lang='lat' dir='ltr'><strong>prorsus</strong></span> <span class='ocrx_word' id='word_1_148' title='bbox 1519 1725 1584 1760; x_wconf 79' lang='lat' dir='ltr'><strong>ex</strong></span> <span class='ocrx_word' id='word_1_149' title='bbox 1606 1707 1782 1758; x_wconf 82' lang='lat' dir='ltr'><strong>animis</strong></span> 
     </span>
     <span class='ocr_line' id='line_1_22' title="bbox 289 1776 1782 1855; baseline -0.005 -12"><span class='ocrx_word' id='word_1_150' title='bbox 289 1789 548 1843; x_wconf 86' lang='lat' dir='ltr'><strong>hominum</strong></span> <span class='ocrx_word' id='word_1_151' title='bbox 587 1776 844 1845; x_wconf 83' lang='lat' dir='ltr'><strong>infamiam</strong></span> <span class='ocrx_word' id='word_1_152' title='bbox 883 1791 1078 1855; x_wconf 86' lang='lat' dir='ltr'><strong>judicii,</strong></span> <span class='ocrx_word' id='word_1_153' title='bbox 1135 1788 1608 1844; x_wconf 84' lang='lat' dir='ltr'><strong>senatusconsultum</strong></span> <span class='ocrx_word' id='word_1_154' title='bbox 1650 1786 1782 1837; x_wconf 81' lang='lat' dir='ltr'><strong>fece·</strong></span> 
     </span>
     <span class='ocr_line' id='line_1_23' title="bbox 287 1863 1781 1936; baseline -0.002 -19"><span class='ocrx_word' id='word_1_155' title='bbox 287 1879 431 1928; x_wconf 88' lang='lat' dir='ltr'><strong>runt;</strong></span> <span class='ocrx_word' id='word_1_156' title='bbox 465 1879 537 1931; x_wconf 81' lang='lat' dir='ltr'><strong>ut,</strong></span> <span class='ocrx_word' id='word_1_157' title='bbox 573 1870 809 1936; x_wconf 86' lang='lat' dir='ltr'><strong>quoniam</strong></span> <span class='ocrx_word' id='word_1_158' title='bbox 832 1870 1008 1919; x_wconf 83' lang='lat' dir='ltr'><strong>civitas</strong></span> <span class='ocrx_word' id='word_1_159' title='bbox 1034 1870 1325 1921; x_wconf 87' lang='lat' dir='ltr'><strong>Ardeatium</strong></span> <span class='ocrx_word' id='word_1_160' title='bbox 1347 1868 1575 1919; x_wconf 86' lang='lat' dir='ltr'><strong>intestino</strong></span> <span class='ocrx_word' id='word_1_161' title='bbox 1598 1863 1781 1915; x_wconf 86' lang='lat' dir='ltr'><strong>tumul·</strong></span> 
     </span>
     <span class='ocr_line' id='line_1_24' title="bbox 286 1940 1782 2015; baseline -0.003 -18"><span class='ocrx_word' id='word_1_162' title='bbox 286 1955 346 1997; x_wconf 82' lang='lat' dir='ltr'><strong>tu</strong></span> <span class='ocrx_word' id='word_1_163' title='bbox 361 1943 552 1997; x_wconf 68' lang='lat' dir='ltr'><strong>redaeta</strong></span> <span class='ocrx_word' id='word_1_164' title='bbox 574 1946 637 1995; x_wconf 86' lang='lat' dir='ltr'><strong>ad</strong></span> <span class='ocrx_word' id='word_1_165' title='bbox 661 1961 844 2013; x_wconf 89' lang='lat' dir='ltr'><strong>paucos</strong></span> <span class='ocrx_word' id='word_1_166' title='bbox 865 1945 995 2010; x_wconf 81' lang='lat' dir='ltr'><strong>esset,</strong></span> <span class='ocrx_word' id='word_1_167' title='bbox 1030 1947 1197 1998; x_wconf 88' lang='lat' dir='ltr'><strong>coloni</strong></span> <span class='ocrx_word' id='word_1_168' title='bbox 1221 1952 1283 1996; x_wconf 81' lang='lat' dir='ltr'><strong>eo</strong></span> <span class='ocrx_word' id='word_1_169' title='bbox 1311 1945 1514 2015; x_wconf 82' lang='lat' dir='ltr'><strong>praefidii</strong></span> <span class='ocrx_word' id='word_1_170' title='bbox 1536 1943 1679 1995; x_wconf 66' lang='lat' dir='ltr'><strong>causa</strong></span> <span class='ocrx_word' id='word_1_171' title='bbox 1695 1940 1782 1992; x_wconf 87' lang='lat' dir='ltr'><strong>ad-</strong></span> 
     </span>
     <span class='ocr_line' id='line_1_25' title="bbox 288 2016 1785 2093; baseline 0.001 -23"><span class='ocrx_word' id='word_1_172' title='bbox 288 2016 458 2074; x_wconf 44' lang='lat' dir='ltr'><strong>versus</strong></span> <span class='ocrx_word' id='word_1_173' title='bbox 501 2022 706 2075; x_wconf 82' lang='lat' dir='ltr'><strong>Volscos</strong></span> <span class='ocrx_word' id='word_1_174' title='bbox 746 2024 1090 2073; x_wconf 84' lang='lat' dir='ltr'><strong>scriberentur.</strong></span> <span class='ocrx_word' id='word_1_175' title='bbox 1160 2027 1272 2076; x_wconf 86' lang='lat' dir='ltr'><strong>Hoc</strong></span> <span class='ocrx_word' id='word_1_176' title='bbox 1310 2024 1472 2093; x_wconf 88' lang='lat' dir='ltr'><strong>palam</strong></span> <span class='ocrx_word' id='word_1_177' title='bbox 1498 2020 1742 2073; x_wconf 86' lang='lat' dir='ltr'><strong>relatum</strong></span> <span class='ocrx_word' id='word_1_178' title='bbox 1729 2035 1785 2071; x_wconf 82' lang='lat' dir='ltr'><strong>m</strong></span> 
     </span>
     <span class='ocr_line' id='line_1_26' title="bbox 287 2097 1781 2175; baseline -0.003 -24"><span class='ocrx_word' id='word_1_179' title='bbox 287 2100 496 2165; x_wconf 81' lang='lat' dir='ltr'><strong>tabulas,</strong></span> <span class='ocrx_word' id='word_1_180' title='bbox 529 2112 586 2153; x_wconf 90' lang='lat' dir='ltr'><strong>ut</strong></span> <span class='ocrx_word' id='word_1_181' title='bbox 626 2101 819 2168; x_wconf 84' lang='lat' dir='ltr'><strong>plebem</strong></span> <span class='ocrx_word' id='word_1_182' title='bbox 843 2101 1161 2168; x_wconf 88' lang='lat' dir='ltr'><strong>tribunosque</strong></span> <span class='ocrx_word' id='word_1_183' title='bbox 1176 2101 1371 2175; x_wconf 65' lang='lat' dir='ltr'><strong>¹falleret</strong></span> <span class='ocrx_word' id='word_1_184' title='bbox 1400 2100 1576 2166; x_wconf 84' lang='lat' dir='ltr'><strong>judicii</strong></span> <span class='ocrx_word' id='word_1_185' title='bbox 1603 2097 1781 2149; x_wconf 89' lang='lat' dir='ltr'><strong>rescin-</strong></span> 
     </span>
     <span class='ocr_line' id='line_1_27' title="bbox 286 2177 1782 2244; baseline -0.001 -15"><span class='ocrx_word' id='word_1_186' title='bbox 286 2178 438 2229; x_wconf 77' lang='lat' dir='ltr'><strong>dendi</strong></span> <span class='ocrx_word' id='word_1_187' title='bbox 461 2180 718 2233; x_wconf 65' lang='lat' dir='ltr'><strong>confilium-</strong></span> <span class='ocrx_word' id='word_1_188' title='bbox 738 2181 936 2231; x_wconf 88' lang='lat' dir='ltr'><strong>initum.</strong></span> <span class='ocrx_word' id='word_1_189' title='bbox 980 2179 1333 2232; x_wconf 84' lang='lat' dir='ltr'><strong>consenserant</strong></span> <span class='ocrx_word' id='word_1_190' title='bbox 1355 2191 1538 2243; x_wconf 86' lang='lat' dir='ltr'><strong>autem,</strong></span> <span class='ocrx_word' id='word_1_191' title='bbox 1560 2190 1634 2244; x_wconf 86' lang='lat' dir='ltr'><strong>ut,</strong></span> <span class='ocrx_word' id='word_1_192' title='bbox 1656 2177 1782 2227; x_wconf 86' lang='lat' dir='ltr'><strong>mul·</strong></span> 
     </span>
     <span class='ocr_line' id='line_1_28' title="bbox 289 2258 1781 2325; baseline -0.002 -18"><span class='ocrx_word' id='word_1_193' title='bbox 289 2265 346 2309; x_wconf 85' lang='lat' dir='ltr'><strong>to</strong></span> <span class='ocrx_word' id='word_1_194' title='bbox 366 2258 557 2321; x_wconf 86' lang='lat' dir='ltr'><strong>majore</strong></span> <span class='ocrx_word' id='word_1_195' title='bbox 593 2270 729 2324; x_wconf 87' lang='lat' dir='ltr'><strong>parte</strong></span> <span class='ocrx_word' id='word_1_196' title='bbox 752 2258 1053 2311; x_wconf 87' lang='lat' dir='ltr'><strong>Rutulorum</strong></span> <span class='ocrx_word' id='word_1_197' title='bbox 1082 2260 1390 2323; x_wconf 67' lang='lat' dir='ltr'><strong>colomam»,</strong></span> <span class='ocrx_word' id='word_1_198' title='bbox 1425 2263 1572 2325; x_wconf 69' lang='lat' dir='ltr'><strong>quam</strong></span> <span class='ocrx_word' id='word_1_199' title='bbox 1594 2261 1781 2306; x_wconf 83' lang='lat' dir='ltr'><strong>Roma·</strong></span> 
     </span>
     <span class='ocr_line' id='line_1_29' title="bbox 288 2332 1783 2405; baseline 0.002 -22"><span class='ocrx_word' id='word_1_200' title='bbox 288 2348 486 2397; x_wconf 87' lang='lat' dir='ltr'><strong>norum,</strong></span> <span class='ocrx_word' id='word_1_201' title='bbox 522 2333 716 2405; x_wconf 67' lang='lat' dir='ltr'><strong>scripta,</strong></span> <span class='ocrx_word' id='word_1_202' title='bbox 751 2351 841 2388; x_wconf 87' lang='lat' dir='ltr'><strong>nec</strong></span> <span class='ocrx_word' id='word_1_203' title='bbox 865 2350 980 2398; x_wconf 85' lang='lat' dir='ltr'><strong>ager</strong></span> <span class='ocrx_word' id='word_1_204' title='bbox 997 2335 1125 2387; x_wconf 86' lang='lat' dir='ltr'><strong>ullus</strong></span> <span class='ocrx_word' id='word_1_205' title='bbox 1141 2334 1460 2399; x_wconf 85' lang='lat' dir='ltr'><strong>divideretur,</strong></span> <span class='ocrx_word' id='word_1_206' title='bbox 1492 2333 1580 2385; x_wconf 74' lang='lat' dir='ltr'><strong>nisi</strong></span> <span class='ocrx_word' id='word_1_207' title='bbox 1603 2333 1659 2396; x_wconf 90' lang='lat' dir='ltr'><strong>is,</strong></span> <span class='ocrx_word' id='word_1_208' title='bbox 1695 2332 1783 2399; x_wconf 80' lang='lat' dir='ltr'><strong>qui</strong></span> 
     </span>
     <span class='ocr_line' id='line_1_30' title="bbox 288 2412 1784 2480; baseline -0.001 -17"><span class='ocrx_word' id='word_1_209' title='bbox 288 2412 588 2477; x_wconf 80' lang='lat' dir='ltr'><strong>interceptus</strong></span> <span class='ocrx_word' id='word_1_210' title='bbox 604 2412 796 2476; x_wconf 86' lang='lat' dir='ltr'><strong>judicio</strong></span> <span class='ocrx_word' id='word_1_211' title='bbox 820 2412 993 2463; x_wconf 86' lang='lat' dir='ltr'><strong>infami</strong></span> <span class='ocrx_word' id='word_1_212' title='bbox 1017 2423 1121 2463; x_wconf 88' lang='lat' dir='ltr'><strong>erat</strong></span> <span class='ocrx_word' id='word_1_213' title='bbox 1133 2430 1148 2473; x_wconf 90' lang='lat'>;</span> <span class='ocrx_word' id='word_1_214' title='bbox 1171 2427 1260 2463; x_wconf 89' lang='lat' dir='ltr'><strong>nec</strong></span> <span class='ocrx_word' id='word_1_215' title='bbox 1283 2415 1366 2464; x_wconf 89' lang='lat' dir='ltr'><strong>ulli</strong></span> <span class='ocrx_word' id='word_1_216' title='bbox 1392 2413 1526 2480; x_wconf 78' lang='lat' dir='ltr'><strong>prius</strong></span> <span class='ocrx_word' id='word_1_217' title='bbox 1548 2415 1784 2462; x_wconf 86' lang='lat' dir='ltr'><strong>Romano</strong></span> 
     </span>
     <span class='ocr_line' id='line_1_31' title="bbox 287 2485 1784 2552; baseline 0.001 -16"><span class='ocrx_word' id='word_1_218' title='bbox 287 2485 376 2548; x_wconf 88' lang='lat' dir='ltr'><strong>ibi,</strong></span> <span class='ocrx_word' id='word_1_219' title='bbox 411 2492 562 2551; x_wconf 70' lang='lat' dir='ltr'><strong>quam</strong></span> <span class='ocrx_word' id='word_1_220' title='bbox 583 2488 811 2539; x_wconf 88' lang='lat' dir='ltr'><strong>omnibus</strong></span> <span class='ocrx_word' id='word_1_221' title='bbox 848 2489 1042 2539; x_wconf 88' lang='lat' dir='ltr'><strong>Rutulis</strong></span> <span class='ocrx_word' id='word_1_222' title='bbox 1064 2487 1251 2539; x_wconf 84' lang='lat' dir='ltr'><strong>divisus</strong></span> <span class='ocrx_word' id='word_1_223' title='bbox 1272 2488 1401 2552; x_wconf 77' lang='lat' dir='ltr'><strong>esset,</strong></span> <span class='ocrx_word' id='word_1_224' title='bbox 1436 2487 1580 2552; x_wconf 85' lang='lat' dir='ltr'><strong>gleba</strong></span> <span class='ocrx_word' id='word_1_225' title='bbox 1605 2487 1708 2538; x_wconf 89' lang='lat' dir='ltr'><strong>ulla</strong></span> <span class='ocrx_word' id='word_1_226' title='bbox 1728 2503 1784 2537; x_wconf 88' lang='lat' dir='ltr'><strong>a·</strong></span> 
     </span>
     <span class='ocr_line' id='line_1_32' title="bbox 287 2560 1785 2631; baseline 0.003 -23"><span class='ocrx_word' id='word_1_227' title='bbox 287 2561 362 2631; x_wconf 81' lang='lat' dir='ltr'><strong>gri</strong></span> <span class='ocrx_word' id='word_1_228' title='bbox 387 2560 715 2625; x_wconf 83' lang='lat' dir='ltr'><strong>affignaretur.</strong></span> <span class='ocrx_word' id='word_1_229' title='bbox 774 2562 850 2612; x_wconf 89' lang='lat' dir='ltr'><strong>Sic</strong></span> <span class='ocrx_word' id='word_1_230' title='bbox 873 2578 990 2626; x_wconf 83' lang='lat' dir='ltr'><strong>ager</strong></span> <span class='ocrx_word' id='word_1_231' title='bbox 1011 2563 1075 2614; x_wconf 89' lang='lat' dir='ltr'><strong>ad</strong></span> <span class='ocrx_word' id='word_1_232' title='bbox 1099 2562 1331 2615; x_wconf 85' lang='lat' dir='ltr'><strong>Ardeates</strong></span> <span class='ocrx_word' id='word_1_233' title='bbox 1353 2564 1517 2616; x_wconf 89' lang='lat' dir='ltr'><strong>rediit.</strong></span> <span class='ocrx_word' id='word_1_234' title='bbox 1577 2563 1785 2613; x_wconf 84' lang='lat' dir='ltr'><strong>Trium·</strong></span> 
     </span>
     <span class='ocr_line' id='line_1_33' title="bbox 287 2635 1786 2707; baseline 0.003 -20"><span class='ocrx_word' id='word_1_235' title='bbox 287 2637 386 2689; x_wconf 77' lang='lat' dir='ltr'><strong>viri</strong></span> <span class='ocrx_word' id='word_1_236' title='bbox 411 2635 476 2686; x_wconf 83' lang='lat' dir='ltr'><strong>ad</strong></span> <span class='ocrx_word' id='word_1_237' title='bbox 507 2638 755 2693; x_wconf 86' lang='lat' dir='ltr'><strong>coloniam</strong></span> <span class='ocrx_word' id='word_1_238' title='bbox 780 2638 996 2690; x_wconf 87' lang='lat' dir='ltr'><strong>Ardeam</strong></span> <span class='ocrx_word' id='word_1_239' title='bbox 1019 2639 1355 2692; x_wconf 88' lang='lat' dir='ltr'><strong>deducendam</strong></span> <span class='ocrx_word' id='word_1_240' title='bbox 1384 2641 1532 2692; x_wconf 84' lang='lat' dir='ltr'><strong>creati</strong></span> <span class='ocrx_word' id='word_1_241' title='bbox 1562 2641 1786 2707; x_wconf 84' lang='lat' dir='ltr'><strong>Agrippa</strong></span> 
     </span>
     <span class='ocr_line' id='line_1_34' title="bbox 286 2714 1784 2784; baseline 0 -18"><span class='ocrx_word' id='word_1_242' title='bbox 286 2714 568 2779; x_wconf 87' lang='lat' dir='ltr'><strong>Menenius,</strong></span> <span class='ocrx_word' id='word_1_243' title='bbox 594 2718 665 2766; x_wconf 93' lang='lat' dir='ltr'><strong>T.</strong></span> <span class='ocrx_word' id='word_1_244' title='bbox 694 2715 888 2766; x_wconf 78' lang='lat' dir='ltr'><strong>Cloelius</strong></span> <span class='ocrx_word' id='word_1_245' title='bbox 918 2716 1122 2779; x_wconf 72' lang='lat' dir='ltr'><strong>SiculuS,</strong></span> <span class='ocrx_word' id='word_1_246' title='bbox 1145 2720 1223 2767; x_wconf 89' lang='lat' dir='ltr'><strong>M.</strong></span> <span class='ocrx_word' id='word_1_247' title='bbox 1249 2717 1478 2767; x_wconf 84' lang='lat' dir='ltr'><strong>AEbutius</strong></span> <span class='ocrx_word' id='word_1_248' title='bbox 1501 2718 1645 2767; x_wconf 81' lang='lat' dir='ltr'><strong>Elva.</strong></span> <span class='ocrx_word' id='word_1_249' title='bbox 1681 2716 1784 2784; x_wconf 80' lang='lat' dir='ltr'><strong>qui,</strong></span> 
     </span>
     <span class='ocr_line' id='line_1_35' title="bbox 285 2793 1784 2863; baseline 0.005 -24"><span class='ocrx_word' id='word_1_250' title='bbox 285 2805 377 2863; x_wconf 80' lang='lat' dir='ltr'><strong>per</strong></span> <span class='ocrx_word' id='word_1_251' title='bbox 399 2793 601 2842; x_wconf 76' lang='lat' dir='ltr'><strong>minime</strong></span> <span class='ocrx_word' id='word_1_252' title='bbox 635 2793 874 2861; x_wconf 84' lang='lat' dir='ltr'><strong>populare</strong></span> <span class='ocrx_word' id='word_1_253' title='bbox 893 2794 1216 2844; x_wconf 80' lang='lat' dir='ltr'><strong>ministerium</strong></span> <span class='ocrx_word' id='word_1_254' title='bbox 1244 2809 1366 2859; x_wconf 86' lang='lat' dir='ltr'><strong>agro</strong></span> <span class='ocrx_word' id='word_1_255' title='bbox 1388 2793 1670 2859; x_wconf 82' lang='lat' dir='ltr'><strong>affignando</strong></span> <span class='ocrx_word' id='word_1_256' title='bbox 1705 2794 1784 2846; x_wconf 76' lang='lat' dir='ltr'><strong>so·</strong></span> 
     </span>
     <span class='ocr_line' id='line_1_36' title="bbox 288 2869 1784 2939; baseline 0.003 -20"><span class='ocrx_word' id='word_1_257' title='bbox 288 2869 394 2934; x_wconf 83' lang='lat' dir='ltr'><strong>ciis,</strong></span> <span class='ocrx_word' id='word_1_258' title='bbox 430 2886 579 2936; x_wconf 87' lang='lat' dir='ltr'><strong>quem</strong></span> <span class='ocrx_word' id='word_1_259' title='bbox 614 2872 825 2938; x_wconf 88' lang='lat' dir='ltr'><strong>populus</strong></span> <span class='ocrx_word' id='word_1_260' title='bbox 850 2874 1109 2922; x_wconf 88' lang='lat' dir='ltr'><strong>Romanus</strong></span> <span class='ocrx_word' id='word_1_261' title='bbox 1150 2870 1291 2921; x_wconf 87' lang='lat' dir='ltr'><strong>suum</strong></span> <span class='ocrx_word' id='word_1_262' title='bbox 1324 2870 1595 2936; x_wconf 64' lang='lat' dir='ltr'><strong>judicasset,</strong></span> <span class='ocrx_word' id='word_1_263' title='bbox 1630 2888 1784 2939; x_wconf 88' lang='lat' dir='ltr'><strong>quum</strong></span> 
     </span>
    </p>
   </div>
   <div class='ocr_carea' id='block_1_7' title="bbox 287 2945 1783 3066">
    <p class='ocr_par' dir='ltr' id='par_1_8' title="bbox 287 2945 1783 3066">
     <span class='ocr_line' id='line_1_37' title="bbox 287 2945 1783 3066; baseline 0.004 -70"><span class='ocrx_word' id='word_1_264' title='bbox 287 2945 486 3021; x_wconf 79' lang='lat' dir='ltr'><strong>plebem</strong></span> <span class='ocrx_word' id='word_1_265' title='bbox 502 2946 825 3016; x_wconf 72' lang='lat' dir='ltr'><strong>offendissent,</strong></span> <span class='ocrx_word' id='word_1_266' title='bbox 859 2962 921 3000; x_wconf 90' lang='lat' dir='ltr'><strong>ne</strong></span> <span class='ocrx_word' id='word_1_267' title='bbox 943 2946 1245 3019; x_wconf 81' lang='lat' dir='ltr'><strong>primoribus</strong></span> <span class='ocrx_word' id='word_1_268' title='bbox 1265 2946 1465 3019; x_wconf 82' lang='lat' dir='ltr'><strong>quidem</strong></span> <span class='ocrx_word' id='word_1_269' title='bbox 1486 2949 1687 3005; x_wconf 85' lang='lat' dir='ltr'><strong>Patrum</strong></span> <span class='ocrx_word' id='word_1_270' title='bbox 1707 2948 1783 3066; x_wconf 52' lang='lat' dir='ltr'><strong>a·</strong></span> 
     </span>
    </p>
   </div>
  </div>
 </body>
</html>
