2092 3734
788 240 1127 315 LIBE'R
1191 264 1238 316 1.
1698 280 1766 329 27

265 344 495 395 'Eventus
523 334 687 393 t'a'men
708 343 822 396 belli
845 348 1008 398 niinus
1040 348 1365 402 miserabilem
1399 350 1770 406 dimicationem

271 422 419 472 fecit:
460 423 592 487 quod
615 438 705 471 nec
728 425 832 473 acie
867 437 1107 476 certatum
1130 429 1222 490 ess;
1257 429 1323 493 Bt,
1359 428 1495 480 testis
1516 432 1669 481 modo
1690 430 1764 481 di·

268 500 391 550 rutis
425 499 624 549 alterius
645 501 793 564 urbis,
829 502 930 552 duo
964 505 1138 571 populi
1161 507 1211 555 in
1236 522 1388 557 unum
1427 506 1613 559 consuli
1637 507 1768 559 sunt.

270 575 453 627 Albani
493 576 680 643 priores
713 579 900 642 ingenti
939 583 1161 631 exercitu
1196 585 1246 633 iu
1284 601 1456 649 agrum
1485 594 1768 640 Romanum

271 655 513 721 impeturn
530 654 711 704 secere.
737 657 885 706 castra
896 658 958 708 ab
971 659 1092 709 urbe
1110 661 1241 712 haud
1261 664 1369 730 plus
1386 666 1600 731 quinque
1616 665 1771 715 millia

272 731 498 799 passuum
520 731 703 796 locant,
738 733 864 782 fossa
898 737 1218 788 circundant:
1255 740 1376 791 soffa
1401 742 1576 793 Cluilia
1596 744 1659 793 ab
1679 760 1773 794 no·

271 811 405 858 mine
429 808 567 858 ducis
583 825 670 876 per
700 810 889 876 aliquot
912 812 1070 863 secula
1092 817 1439 883 appellata‘est,
1474 820 1633 870 donec
1656 836 1771 872 cum

196 888 200 892 “
270 880 325 934 re
346 900 530 935 nomen
553 902 751 952 quoque
769 890 1008 939 vetustate
1030 892 1269 944 abolevit.
1306 900 1366 945 In
1384 897 1459 946 his
1477 894 1638 947 castris'
1653 898 1770 946 Clu·

272 963 383 1014 ilius
408 963 628 1012 Albanus
651 979 741 1014 rex
768 966 1005 1028 moritur;
1039 968 1327 1022 difflatorem
1352 974 1532 1027 Albani
1551 980 1768 1026 Mettum

270 1037 541 1088 Fuffctiurn
581 1049 762 1089 creant.
832 1043 1037 1091 Interim
1085 1044 1263 1097 Tullus
1306 1049 1469 1115 ferox,
1524 1054 1772 1120 praecipue

270 1125 430 1164 morte
453 1115 596 1179 regiS,
632 1131 965 1184 magnumque
990 1123 1212 1172 Deorum
1235 1141 1431 1193 numen,
1467 1130 1531 1179 ab
1555 1132 1661 1198 ipso
1688 1147 1770 1183 ca·

273 1191 376 1259 pite
409 1191 591 1255 orsum,
645 1193 696 1240 in
732 1209 878 1244 omne
916 1208 1098 1246 nomen
1145 1200 1393 1254 Albanum
1431 1210 1769 1283 expetitumru

273 1284 437 1335 poenas
476 1267 543 1318 ob
583 1269 765 1320 benum
809 1272 1019 1339 impium
1054 1274 1290 1344 diffltans,
1340 1282 1498 1348 noae,
1552 1288 1770 1354 preteri-

270 1346 333 1394 tis
354 1344 570 1394 hostium
593 1346 768 1410 castris,
808 1348 982 1399 infesto
1005 1355 1228 1403 exercitu
1249 1355 1300 1407 in
1325 1375 1497 1425 agrum
1528 1365 1779 1418 Albanum

270 1423 457 1491 pergit,
534 1423 607 1471 Ea
645 1438 720 1473 res
757 1423 820 1473 ab
858 1425 1044 1477 stativis
1088 1430 1280 1482 excivit
1315 1439 1550 1489 Mettum.
1621 1443 1778 1509 ducit,

273 1504 423 1564 quam
455 1499 685 1566 proxime
712 1499 773 1549 ad
811 1500 997 1552 hostem
1030 1508 1215 1573 potest3
1255 1510 1369 1561 inde
1401 1513 1615 1580 legatum
1648 1536 1773 1588 prae-

271 1575 468 1625 miffum
489 1577 722 1625 nunciare
746 1578 899 1629 Tullo
928 1580 1087 1648 jubet,
1123 1585 1404 1654 priusquam
1431 1592 1680 1661 dimicent,
1716 1617 1774 1650 o-

272 1667 364 1721 pus
388 1652 480 1701 effe
505 1654 790 1720 colloquio:
842 1657 876 1705 fi
910 1656 1074 1710 secum
1098 1664 1374 1735 congressus
1395 1668 1468 1733 fit,
1503 1670 1614 1722 satis
1637 1674 1776 1743 scire,

272 1744 332 1779 ea
355 1730 403 1779 se
426 1729 700 1796 anatumm,
734 1749 843 1799 quae
872 1736 1029 1787 nihilo
1062 1741 1225 1791 minus
1261 1742 1323 1792 ad
1354 1751 1455 1796 rem
1479 1750 1772 1819 Romanam,

274 1812 424 1872 quam
446 1806 508 1856 ad
534 1809 792 1873 Albanam,
816 1815 1111 1879 pertineant.
1170 1820 1316 1870 Haud
1338 1820 1616 1891 aspernatus
1642 1832 1770 1882 Tul-

270 1883 361 1948 lus,
398 1885 585 1934 tametfi
619 1902 749 1935 vana
786 1888 1130 1958 afferebantur,
1166 1896 1217 1946 in
1239 1899 1396 1949 aciem
1419 1904 1600 1956 educit.
1650 1924 1770 1960 exe·

268 1972 360 2011 unt
382 1968 556 2012 contra
577 1963 627 2014 ἃ
652 1964 848 2015 Albani.
907 1970 1168 2037 Postquam
1192 1974 1404 2027 instrusti
1426 1974 1656 2051 utrinque
1678 1988 1772 2038 sta·

271 2039 394 2088 bant
434 2054 548 2089 cum
588 2044 755 2108 paucis
789 2059 1050 2111 procerum
1089 2049 1141 2099 in
1175 2053 1392 2107 medium
1427 2057 1570 2112 duces
1598 2080 1774 2131 procc-

271 2116 414 2167 dunt.
486 2118 567 2168 Ibi
605 2119 714 2168 infit
750 2123 1010 2175 Albanus:'
1046 2130 1250 2196 Injurias,
1285 2134 1340 2184 ύ-
1371 2154 1450 2187 non
1485 2142 1673 2193 redditas
1705 2158 1779 2196 res

272 2195 524 2260 exfoedere,
558 2213 642 2263 quae
662 2201 848 2264 repetitae
856 2201 962 2266 sint,
997 2204 1053 2254 (7-
1075 2222 1151 2274 ego
1171 2225 1316 2276 regem
1337 2217 1521 2277 nostrum
1557 2221 1778 2284 Cluilium,

271 2273 443 2337 causam
478 2271 645 2337 hujusce
673 2273 749 2340 ff
768 2273 879 2338 belli,
903 2278 1060 2345 audfffi
1081 2284 1261 2334 videor.-
1296 2305 1372 2337 nec
1390 2299 1434 2339 te
1453 2292 1608 2358 dubito,
1633 2299 1775 2368 Tulle,

271 2348 420 2396 eadem
437 2359 530 2413 prae
556 2351 752 2415 referre.
795 2354 891 2418 fi’d,
915 2354 960 2419 fi
980 2372 1091 2407 vera
1105 2363 1267 2427 potibs,
1290 2369 1420 2432 qudm
1443 2370 1555 2419 dieu
1569 2375 1777 2446 speciosa,

272 2424 446 2474 dicenda
459 2427 581 2491 sient,
627 2429 775 2493 cupido
795 2432 971 2496 imperii
1002 2435 1101 2485 duos
1129 2451 1321 2506 cognatos
1342 2446 1577 2516 vicinql‘que
1594 2455 1777 2519 populos

273 2500 333 2548 ad
356 2517 484 2549 arma
493 2500 711 2564 stimulat.
781 2509 956 2574 Neque,
983 2511 1111 2575 reHe,
1136 2532 1191 2564 an
1205 2528 1458 2586 perperam,
1480 2526 1775 2593 interpretor.-

265 2574 412 2642 fuerit
430 2577 514 2641 ista
540 2580 630 2643 ejus
649 2579 905 2648 deliberatio,
928 2588 1000 2652 qui
1019 2587 1170 2640 bellum
1178 2595 1382 2661 stcscept’t.
1425 2617 1496 2650 me
1516 2603 1773 2675 Albanige-

271 2655 399 2704 tendo
418 2655 523 2706 hello
542 2657 688 2708 dacem
703 2675 922 2712 creavere.
980 2664 1101 2715 Illud
1118 2677 1175 2733 te,
1202 2673 1339 2736 Tulle,
1375 2679 1580 2728 monitum
1604 2684 1737 2733 velim
1753 2702 1776 2734 .·

272 2730 462 2799 Etrusca
481 2749 565 2798 res,
610 2747 766 2802 quanta
786 2740 899 2789 circa
915 2759 986 2790 nos
1001 2752 1122 2810 teque
1153 2751 1343 2799 maxime
1351 2751 1429 2815 fit,
1464 2759 1542 2821 quo*
1553 2762 1779 2825 propiores

270 2820 375 2871 vos,
407 2811 481 2859 hoc
513 2814 654 2879 magis
674 2816 789 2881 scis:
836 2819 1018 2868 multum
1051 2822 1115 2870 illi
1134 2828 1268 2890 terra,
1285 2827 1525 2894 plurimum
1549 2838 1662 2883 mari
1679 2837 1798 2902 pol-¹

271 2885 381 2936 lent.
451 2888 636 2938 Memor
658 2893 756 2957 esto,
767 2894 886 2958 jam,
909 2913 1036 2963 quum
1046 2898 1220 2966 signum
1236 2916 1388 2972 pugnae
1413 2909 1547 2972 dabis,
1579 2910 1653 2959 has
1674 2915 1783 2966 duas

270 2963 389 3012 acies
398 2963 635 3029 speffaculo
645 2970 779 3032 sore;
814 2981 863 3021 ut
882 2973 1014 3041 feffl>s
1034 2979 1329 3048 confeHquue,
1337 2984 1472 3048 fimul
1489 2986 1699 3039 vitiorem
1726 3006 1781 3042 ac

271 3037 782 3112 viHum,aggrediantm·.
834 3052 1002 3119 Itaque,
1015 3052 1064 3115 fi
1079 3071 1150 3106 nos
1170 3057 1232 3109 dii
1253 3070 1418 3127 amant,
1448 3066 1661 3133 quoniam,
1699 3086 1782 3124 non

989 3129 1029 3178 Β
1062 3143 1093 3180 2
1345 3212 1356 3225 ι
1676 3161 1773 3199 con—
