2092 3734
802 175 854 230 1.
884 177 914 230 1
944 175 986 228 B
1015 176 1065 230 E
1091 175 1141 229 R.
1204 174 1301 229 lv.
1471 193 1477 199 ·
1711 188 1809 243 322

305 265 373 322 ὰς
391 267 598 338 accepti,
616 265 749 336 quod
763 269 888 320 nihil
910 271 1078 335 gratia:
1096 268 1386 335 cujusquam
1408 263 1679 329 dederant5
1712 281 1810 319 ve,

307 347 556 412 xationes,
588 347 651 399 ad
670 346 915 416 populum
932 348 1039 411 jam
1061 347 1142 398 die
1168 347 1296 401 dieta
1317 345 1382 396 ab
1406 346 1631 410 tribunis,
1665 344 1809 396 colo-

310 423 366 472 ni
389 423 618 494 adscripti
640 426 945 478 remanendo
976 427 1032 476 in
1053 426 1267 492 colonia,
1299 440 1452 492 quam
1489 424 1658 475 testem
1672 422 1809 475 “inte-

305 504 500 568 gritatis
518 497 811 573 justitiaeque
833 505 1100 570 habebant,
1135 506 1382 556 vitavere.

375 584 498 633 XII.
534 586 642 635 Pax
663 583 801 635 domi
839 583 1059 650 forisque
1090 581 1189 634 fuit
1226 582 1278 633 δ’(
1311 583 1411 632 hoc
1440 581 1492 633 Bt
1530 577 1811 648 insequenti

249 726 259 730 ῃ
307 671 460 724 anno,
487 664 556 710 C.
593 662 745 714 Furio
779 661 948 713 Pacilo
983 662 1035 714 ac
1069 664 1149 712 Μ.
1179 660 1378 728 Papirio
1405 658 1571 711 Craffo
1595 657 1813 710 consuli-

309 734 423 789 bus.
491 739 642 805 Ludi,
691 739 758 791 ab
794 740 1087 792 decemviris
1124 754 1215 809 per
1245 738 1556 791 secessionem
1589 737 1746 805 plebis
1777 739 1812 791 ἃ

309 815 537 881 Patribus
569 833 637 869 ex
669 817 1086 871 senatusconsulto
1123 819 1253 883 voti,
1289 834 1352 869 eo
1380 833 1513 868 anno
1534 815 1653 868 faeti
1674 815 1814 869 sunt.

315 892 473 944 Causa
495 893 791 947 seditionum
811 897 1142 965 nequicquam
1164 901 1194 946 a
1221 896 1427 946 Poetelio
1449 894 1663 962 quaestta.
1702 893 1811 961 qui,

199 998 210 1001 -
310 972 537 1024 tribunus
565 975 722 1042 plebis
741 976 922 1026 iterum
937 993 996 1026 ea
1026 975 1132 1043 ipsa
1146 973 1490 1024 denunciando
1512 972 1683 1039 faetus,
1716 986 1815 1022 ne·

304 1066 420 1118 que,
452 1062 513 1102 ut
544 1053 604 1104 de
625 1053 756 1119 agris
778 1053 1057 1105 diffidendis
1085 1052 1218 1122 plebi
1239 1051 1477 1103 referrent
1498 1051 1720 1102 consules
1740 1050 1812 1105 ad

298 1127 544 1195 senatum,
579 1132 866 1199 pervincere
892 1134 1095 1200 potuit:
1131 1131 1200 1194 δε,
1239 1145 1394 1197 quum
1430 1144 1613 1195 magno
1646 1139 1814 1180 certa-

301 1209 435 1259 mine
457 1209 756 1274 obtinuiffet,
780 1219 838 1261 ut
860 1209 1231 1261 consulerentur
1252 1211 1433 1273 Patres,
1465 1207 1721 1259 consulum
1739 1222 1809 1260 an

303 1287 621 1339 tribunorum
659 1290 872 1357 placeret
914 1290 1121 1340 comitia
1158 1286 1348 1352 haberi,
1397 1285 1620 1340 consules
1648 1285 1809 1338 creari

300 1364 413 1432 jussi
434 1365 562 1416 sunt.
597 1365 910 1433 ludibrioque
931 1377 1072 1416 erant
1093 1365 1239 1433 minae
1261 1364 1465 1429 tribuni,
1499 1364 1807 1417 denuncian-

304 1442 366 1492 tis
389 1443 435 1492 se
469 1441 709 1495 delestum
737 1443 1118 1511 impediturum3
1150 1457 1322 1509 quum,
1355 1443 1534 1509 quietis
1560 1442 1806 1510 finitimiS,

304 1534 465 1584 neque
481 1519 632 1583 bello,
666 1533 826 1585 neque
847 1519 963 1569 belli
984 1529 1226 1586 apparatu
1247 1532 1371 1585 opus
1392 1516 1523 1569 esset.
1575 1517 1807 1586 Sequitur

302 1594 431 1646 hanc
475 1596 881 1669 tranquillitatem
916 1610 1082 1645 rerum
1114 1607 1287 1657 annus,
1321 1595 1532 1645 Proculo
1573 1597 1808 1660 Geganio

306 1674 584 1737 Macerino,
620 1675 684 1723 L.
709 1673 949 1724 Menenio
972 1674 1169 1722 Lanato
1209 1669 1507 1735 consulibua,
1539 1672 1809 1740 multiplici
1888 1722 1895 1727 ,
1974 1744 1979 1751 ἡ

306 1750 443 1800 clade
476 1767 535 1802 ac
569 1752 789 1818 periculo
824 1751 1038 1815 infignis‚
1075 1747 1414 1814 seditionibus,
1450 1750 1595 1815 fame,
1646 1767 1807 1817 regno

300 1831 463 1895 prope
487 1840 574 1894 per
610 1829 883 1894 largitionis
905 1826 1214 1878 dulcedinem
1243 1828 1297 1879 in
1326 1828 1544 1879 cervices
1576 1840 1806 1898 accepto.

305 1907 475 1956 Unum
514 1905 642 1957 afuit
663 1907 845 1957 bellum
879 1917 1173 1958 externum:
1209 1920 1312 1973 quo
1347 1904 1382 1955 fi
1406 1919 1687 1973 aggravatae
1726 1924 1807 1963 res

305 1979 474 2045 essent,
506 1982 602 2033 vix
621 1998 719 2052 ope
742 1987 965 2034 Deorum
988 1983 1214 2033 omnium
1236 1981 1381 2033 relisti
1401 1985 1651 2052 potuiiset.
1692 1990 1806 2036 Coe.

302 2074 421 2127 pere
447 2063 477 2108 a
511 2057 642 2108 fame
668 2060 815 2124 mala,
847 2057 933 2111 seu
964 2057 1198 2109 adversus
1235 2074 1392 2111 annus
1423 2060 1648 2126 frugibus
1686 2062 1804 2130 fuit,

302 2136 391 2187 seu
407 2136 665 2187 dulcedine
685 2138 984 2188 concionum
1004 2136 1056 2188 δε
1075 2137 1212 2186 urbis
1233 2136 1425 2191 deserto
1446 2153 1679 2203 agrorum
1698 2141 1805 2191 cula

301 2224 377 2267 tu.
411 2229 530 2263 nam
554 2223 814 2279 utrumque
836 2213 1064 2264 traditur.
1098 2213 1150 2264 δε
1173 2215 1338 2264 Patres
1360 2214 1555 2281 plebem
1571 2214 1808 2284 defidem,

266 2334 278 2339 ,
298 2291 353 2343 ἃ
375 2290 565 2341 tribuni
587 2290 743 2358 plebis
765 2305 896 2342 nunc
912 2288 1138 2341 fraudem
1159 2304 1291 2341 nunc
1309 2292 1657 2358 negligentiam
1680 2310 1806 2347 con·

299 2365 463 2418 sulum
492 2366 808 2419 accusabant.
877 2368 1127 2418 Postremo
1158 2368 1415 2433 perpulere
1439 2367 1635 2436 plebeii,
1666 2370 1803 2426 haud

294 2443 587 2495 adversante
622 2445 807 2509 senatu,
840 2455 899 2496 ut
932 2448 994 2495 L.
1036 2445 1291 2496 Minucius
1318 2445 1568 2513 praefeaus
1590 2464 1804 2505 annonae

297 2533 574 2583 crearetur;
607 2521 803 2574 felicior
825 2524 877 2573 in
900 2538 963 2573 eo
983 2522 1267 2586 magistratu
1289 2523 1351 2573 ad
1368 2525 1634 2578 custodiam
1650 2528 1802 2579 liber-

295 2599 412 2651 tatis
434 2600 645 2664 futurus,
663 2606 813 2667 quam
831 2598 893 2651 ad
915 2600 1221 2650 curationem
1236 2601 1486 2652 ministerii
1510 2602 1582 2655 sui
1603 2623 1615 2656 z
1641 2622 1800 2673 quan-

299 2691 451 2742 quam
488 2677 733 2742 postremo
768 2693 977 2727 annonae
998 2692 1199 2742 quoque
1220 2677 1398 2729 levatae
1420 2681 1550 2731 haud
1576 2683 1801 2735 immeri-

298 2762 407 2806 tam
440 2752 490 2801 ec
528 2756 734 2816 gratiam
769 2754 819 2805 8r
849 2755 1062 2820 gloriam
1095 2756 1226 2805 tulit.
1299 2759 1402 2822 Qui
1426 2774 1597 2824 quum,
1630 2763 1801 2817 multia

301 2829 439 2883 circa
468 2827 708 2883 finitimos
741 2834 951 2899 populos
972 2831 1302 2896 legationibus
1325 2838 1452 2886 terra
1468 2840 1690 2905 marique
1712 2855 1802 2889 ne·

298 2906 572 2973 quicquam
590 2907 754 2973 minis,
787 2909 895 2970 (nist
930 2907 1064 2975 quod
1089 2924 1155 2960 ex
1178 2913 1373 2963 Etruria
1406 2914 1631 2968 bandua
1669 2916 1802 2968 mul-

299 2992 411 3037 tum
439 2980 678 3041 frumenti
713 2985 972 3043 adveamn
1011 2985 1099 3052 est)
1140 2988 1329 3047 nulium
1367 3002 1679 3067 momentum
1710 3007 1802 3045 an-

981 3064 1032 3115 K
1066 3069 1098 3115 6
1649 3082 1799 3125 nona
