2092 3734
316 228 418 267 200
831 209 1289 263 T.L1v11

307 302 403 352 stra
443 297 656 367 spatium
691 297 799 349 acie
836 299 1062 352 instruet&
1099 289 1431 367 complebant.
1484 299 1810 367 provocanti·

310 375 501 444 busque
523 375 586 425 ad
620 376 846 443 proelium
879 375 1166 444 responsum
1198 380 1450 442 Romanus
1474 392 1620 426 nemo
1642 368 1811 426 redde-

293 453 417 505 bat.
488 454 719 526 Tandem
753 453 948 518 fatigati
982 452 1183 517 stando?
1202 470 1260 503 ae
1288 454 1618 519 nequicquam
1639 452 1812 519 exspe-

199 520 206 524 ”
307 530 488 581 {lando
524 542 790 596 certamen,
831 532 981 597 AEqui
1016 531 1298 595 Volscique,
1332 531 1586 599 postquam
1611 527 1810 580 conces-

308 610 418 662 sum
440 610 805 677 propemodum
843 607 905 658 de
932 608 1144 661 victoria
1165 608 1444 672 credebant,
1477 623 1586 675 pars
1607 609 1659 657 in
1682 610 1807 657 Her·

309 689 468 752 nic08,
503 704 614 754 pars
654 689 706 738 in
730 690 938 738 Latinos
974 686 1247 755 praedatum
1275 688 1477 737 abeunt.
1521 686 1811 753 relinquitur

308 769 469 832 magis
503 766 665 817 castris
696 766 983 834 praefidium,
1005 772 1168 832 ,quam
1203 764 1313 815 satis
1337 766 1522 815 virium
1559 763 1623 815 ad
1655 774 1812 814 certa⁶

308 840 442 898 men.
492 845 627 911 quod
651 845 736 894 ubi
760 844 929 894 consul
952 844 1108 909 sensit,
1143 843 1302 893 reddit
1324 844 1515 893 illatum
1535 853 1682 893 antea
1714 852 1813 900 ter-

305 941 492 989 rorem,
517 922 835 988 instrustaque
856 922 1117 972 acie-ultro
1136 922 1322 972 hostem
1342 920 1539 971 laceffit.
1606 921 1705 971 Ubi
1723 920 1812 987 illi,

305 1001 611 1053 conscientia
645 1000 764 1065 quid
786 997 966 1047 abeffct
987 999 1188 1061 virium,
1225 996 1554 1049 detraRavere
1575 1013 1810 1064 pugnam,

290 1081 472 1131 -crevit
494 1078 749 1145 extemplo
788 1077 1027 1129 Romanis
1061 1078 1272 1141 animuS,
1303 1077 1354 1127 8<
1377 1092 1470 1144 pro
1492 1075 1636 1127 vistis
1657 1077 1810 1126 habe-

290 1154 434 1209 ·bant
458 1166 692 1223 paventes
726 1155 855 1206 intra
878 1155 1082 1204 vallum.
1156 1158 1326 1219 Quum
1354 1170 1443 1222 per
1476 1165 1640 1205 totum
1677 1154 1812 1205 diem

302 1234 538 1287 stetiffent
560 1235 739 1284 intenti
760 1233 821 1283 ad
844 1244 1106 1297 certarnen,
1140 1231 1273 1283 nosti
1309 1232 1516 1283 ceffere:
1553 1234 1603 1284 &
1625 1235 1812 1284 Roma·

303 1316 362 1366 ni
387 1313 586 1379 quidem
608 1312 739 1379 pleni
758 1310 860 1378 spei
889 1326 1102 1378 corpora
1124 1312 1379 1362 curabant.
1416 1309 1819 1378 Haudquaquam

306 1392 416 1459 pari
439 1390 597 1442 hostes
632 1388 802 1438 animo
822 1389 1031 1438 nuncios
1071 1387 1238 1455 paffim
1260 1386 1440 1455 trepidi
1472 1387 1537 1437 ad
1564 1402 1812 1438 revocan-

231 1495 240 1500 ω
302 1467 399 1519 dos
437 1466 731 1536 praedatores
769 1465 1046 1516 dimittunt.
1093 1459 1363 1516 recurritur
1384 1480 1450 1516 ex
1472 1466 1715 1533 proximis
1735 1465 1813 1515 lo-

302 1546 379 1597 cis
399 1564 414 1607 3
447 1544 703 1594 ulteriores
725 1559 829 1593 non
850 1543 1064 1593 inventi.
1133 1542 1231 1593 Ubi
1254 1542 1437 1607 illuxit,
1462 1541 1708 1608 egreditur
1729 1558 1814 1593 ca-

304 1621 417 1674 stris
440 1626 711 1685 Romanus,
746 1619 948 1680 vallum,
965 1619 1241 1684 invasuruS,
1275 1620 1328 1669 ni
1350 1620 1496 1686 copia
1523 1634 1701 1685 pugnae
1723 1619 1814 1669 fie-

293 1711 401 1752 ·1·et.
454 1700 523 1764 &,
559 1700 817 1767 postquam
837 1698 996 1748 multa
1028 1698 1133 1762 jam
1154 1697 1256 1747 dies
1284 1707 1405 1761 erat,
1438 1711 1598 1762 neque
1629 1680 1810 1746 m'ove-

303 1778 454 1829 batur
482 1778 748 1843 quicquam
787 1777 849 1825 ab
881 1777 1032 1841 hoste,
1065 1775 1207 1840 jubet
1244 1775 1375 1840 ligna
1409 1774 1580 1824 inferri
1616 1774 1808 1826 consul.

302 1855 542 1918 motaque
565 1854 685 1916 acie,
721 1851 997 1916 indignatio
1027 1854 1215 1917 AEquos
1239 1852 1288 1901 8<
1313 1850 1518 1902 Volscos
1537 1851 1739 1915 incessit,
1771 1849 1811 1901 fi

304 1929 521 1982 victores
547 1930 793 1979 exereitus
815 1929 1000 1978 vallum
1024 1929 1209 1995 potius,
1244 1934 1394 1994 quam
1422 1929 1580 1979 virtus
1604 1929 1653 1978 8<
1670 1943 1810 1979 arma

305 2014 549 2071 tegerent.
602 2005 755 2069 igitur
776 2004 826 2054 ἃ
850 2004 938 2071 ipfi
966 2004 1287 2068 efflagitatum
1309 2005 1372 2053 ab
1394 2003 1600 2055 ducibus
1621 2004 1812 2070 lignum

307 2098 489 2150 pugnae
512 2096 763 2149 accepere.
833 2082 1041 2147 Jamque
1063 2096 1173 2148 pars
1196 2081 1376 2147 egreffa
1398 2082 1554 2148 portis
1577 2077 1696 2146 erat,
1731 2081 1814 2134 dc-

303 2160 573 2229 incepsque
593 2161 675 2210 alii
699 2159 959 2232 servabant
981 2158 1224 2225 ordinem,
1259 2161 1311 2209 in
1345 2158 1487 2209 suum
1517 2159 1719 2227 quisque
1738 2161 1814 2226 lo·

304 2254 423 2289 cum
453 2238 811 2301 descendentes,
849 2253 1001 2303 quum
1019 2236 1187 2286 consul
1211 2240 1459 2286 Romanus
1476 2238 1628 2303 prius,
1659 2243 1809 2303 quam

308 2315 431 2364 totis
450 2314 639 2364 viribus
657 2314 782 2364 fulta
802 2313 1043 2363 constaret
1062 2314 1272 2362 hostium
1293 2313 1439 2376 acieS,
1463 2313 1629 2363 intulit
1645 2313 1777 2378 sigua
1791 2331 1808 2364 ε

299 2388 610 2454 ,adortusque
647 2404 739 2438 nee
774 2403 944 2438 omnes
977 2386 1103 2442 ,dum
1138 2386 1353 2452 eductos,
1386 2403 1495 2452 nec,
1530 2389 1616 2455 qui
1651 2398 1807 2455 erant,

303 2465 423 2516 satis
458 2467 714 2532 explicatis
748 2465 1018 2529 ordinibus,
1071 2481 1225 2534 prope
1258 2465 1575 2518 fluctuantem
1610 2468 1807 2520 turbam

304 2542 663 2610 trepidantium
696 2544 794 2593 huc
831 2553 981 2609 atque
1019 2542 1153 2608 illue,
1203 2543 1811 2611 circumspestantiumque

304 2620 356 2673 se
377 2637 438 2670 ac
461 2620 588 2685 suoS‚
623 2621 792 2671 addito
816 2621 1021 2671 turbatis
1042 2622 1288 2673 mentibus
1312 2623 1526 2673 clamore
1549 2635 1693 2690 atque
1716 2625 1809 2673 im-

305 2710 444 2768 petu,
479 2700 692 2750 invadit.
762 2699 992 2749 Retulere
1016 2701 1178 2768 primo
1194 2701 1367 2768 pedem
1394 2702 1568 2752 hostes.
1615 2702 1810 2767 deinde,

304 2792 462 2844 quum
505 2777 697 2827 animos
736 2777 1050 2841 collegissent,
1086 2777 1136 2827 ἃ
1171 2777 1386 2844 undique
1412 2777 1577 2844 duceS,
1628 2780 1813 2846 viffisne

281 2845 454 2920 ‘ceffuri
476 2852 616 2921 effl’nt,
653 2854 979 2922 increparent,
1014 2854 1289 2905 restituitur·
1308 2871 1492 2922 pugna.

373 2934 517 2981 LXI.
558 2930 741 2981 Consul
764 2946 830 2980 ex
858 2931 1008 2981 altera
1044 2942 1182 2998 parte
1205 2935 1457 2984 Romanos
1480 2932 1709 3002 meminifflf
1727 2932 1811 2998 ju·

304 3006 472 3077 bebat,
504 3006 576 3060 illo
606 3007 676 3061 die
701 3008 899 3080 primicm
928 3007 1080 3062 liberos
1105 3020 1192 3080 pro
1224 3007 1357 3064 libera
1387 3009 1488 3064 urbe
1508 3012 1703 3062 Romana
1717 3022 1808 3081 pu-

1641 3102 1809 3158 gnare.
