2092 3734
255 283 438 348 „w
850 278 1307 333 ⁷r.1„1v11

353 381 360 388 ’
403 374 501 424 VI.
539 371 755 424 Comitia
776 370 889 422 inde
911 372 1097 421 habita.
1163 372 1317 421 creati
1338 367 1558 423 consules
1577 367 1642 419 1..
1667 363 1830 420 AEbu·

335 449 450 515 tius,
485 452 541 500 P.
565 450 797 500 servilius
820 449 1046 498 Kalendis
1085 449 1366 511 Sextilibus,
1397 457 1456 495 ut
1492 457 1610 495 tunc
1642 445 1832 512 princi-

335 528 476 595 pium
503 528 622 575 anni
649 526 901 590 agebatur,
936 524 1243 575 consulatum
1265 526 1455 573 ineunt.
1507 525 1678 571 Grave
1699 533 1831 574 tem-

335 615 427 670 pus
450 604 501 654 Bt
521 603 649 654 forte
670 614 823 653 annus
838 600 1064 669 pestilens
1092 610 1197 649 erat
1217 601 1329 649 urbi
1351 598 1591 664 agrisque,
1623 612 1715 648 nec
1732 599 1832 648 ho-

332 681 550 731 minibus
580 681 753 745 magis,
788 684 933 745 quam
964 679 1166 745 pecori3
1202 677 1253 727 sc
1290 691 1474 726 auxere
1506 676 1616 726 vim
1643 676 1844 739 morbi,'

333 763 521 808 terrore
544 758 879 826 populationis
900 755 1161 823 pecoribus
1187 752 1583 828 agrestibusque
1567 768 1621 802 ιιι
1649 752 1832 826 urbem

332 836 562 901 acceptis.
633 837 704 884 Ea
736 834 958 883 colluvio
995 833 1270 881 mixtorum
1303 832 1464 882 omnis
1495 831 1684 894 generis
1715 832 1830 880 ani-

167 895 172 916 *
252 950 257 954 .
334 910 577 958 mantium
600 909 651 959 sc
672 909 826 959 odore
847 906 1047 958 insolito
1074 907 1304 969 urbanos,
1339 906 1390 956 Bt
1420 907 1670 969 agrestem,
1704 921 1828 956 con-

331 984 557 1034 fertum
544 1000 596 1034 ιιι
622 983 751 1034 arsia
784 982 925 1046 tecta,
961 982 1075 1032 aestu
1105 998 1165 1032 ae
1196 984 1381 1047 vigiliis
1413 982 1640 1047 angebat,
1673 983 1826 1034 mini·

269 1109 272 1112 .
332 1060 570 1125 steriaquc
592 1061 645 1109 in
663 1060 829 1128 vicem
850 1075 908 1109 ac
937 1059 1170 1123 contagio
1185 1059 1287 1125 ipsa
1313 1059 1583 1125 vulgabant
1603 1059 1827 1112 morbos.

333 1136 440 1203 Vix
462 1137 686 1187 instantes
725 1136 1062 1187 sustinentibus
1091 1135 1249 1186 clades
1288 1139 1487 1203 repente
1513 1136 1662 1201 legati
1697 1137 1824 1186 Her-

332 1213 433 1262 nici
456 1215 708 1278 nunciant,
743 1216 795 1264 in
815 1229 937 1279 agro
962 1212 1051 1263 suo
1081 1215 1268 1278 AEquos
1291 1212 1594 1278 Volscosque
1614 1212 1823 1276 conjun-

330 1286 420 1338 θὶς
451 1290 606 1356 copiis
636 1290 783 1339 castra
810 1287 1035 1359 posuisse.
1103 1289 1218 1339 inde
1251 1289 1472 1339 exercitu
1496 1289 1681 1353 ingenti
1705 1287 1827 1339 fines

331 1361 443 1414 fisos
466 1362 773 1431 depopulari.
842 1365 1171 1429 Praeterquam
1204 1355 1336 1429 quod
1368 1363 1647 1430 infrequens
1684 1361 1825 1413 sena·-

331 1448 410 1488 ωε
444 1439 627 1490 indicio
665 1451 770 1491 erat
803 1438 964 1504 sociis,
995 1438 1224 1490 afflictam
1263 1441 1520 1490 civitatem
1556 1439 1826 1507 pestilenti&

330 1514 441 1580 effe,
475 1517 700 1569 moestum
738 1520 889 1568 etiam
920 1518 1204 1585 responsum
1244 1518 1436 1567 tulere:
1469 1526 1519 1566 ut
1545 1529 1632 1583 per
1654 1519 1708 1584 fi
1744 1515 1827 1584 ipfi

328 1591 512 1648 Hernici
527 1607 621 1642 cum
654 1591 825 1645 Latinis
857 1609 929 1643 res
946 1596 1054 1659 suas
1087 1601 1347 1644 tutarentur.
1400 1591 1564 1642 Urbem
1584 1594 1826 1643 Romanam

314 1667 465 1734 ‚mita
486 1668 636 1719 Debm
658 1670 728 1723 ira
748 1669 890 1721 morbo
904 1670 1121 1738 populari.
1163 1671 1216 1719 Si
1235 1686 1314 1736 qua
1345 1670 1436 1734 ejus
1458 1669 1561 1718 mali
1587 1671 1703 1736 quies
1738 1686 1823 1718 ve-

329 1746 440 1808 niat,
465 1755 513 1796 ut
533 1762 640 1796 anno
660 1754 775 1812 anst,
808 1757 857 1797 ut
870 1749 1046 1813 simper
1066 1747 1193 1810 alids,
1216 1747 1347 1812 sociis
1366 1758 1487 1812 opem
1507 1745 1682 1795 laturos.
1708 1744 1822 1794 Dis-

330 1819 506 1869 cessere
529 1821 665 1886 socii,
701 1839 793 1890 pro
832 1822 951 1871 tristi
985 1823 1170 1872 nuncio
1208 1821 1465 1871 tristiorem
1503 1820 1708 1872 domum
1741 1836 1820 1871 re-

329 1893 570 1957 ferentcs;
604 1898 783 1964 quippe
808 1896 984 1962 quibus
1013 1911 1102 1960 per
1132 1894 1181 1965 se
1210 1896 1534 1947 sustinendum
1561 1897 1745 1948 bellum
1768 1913 1821 1946 e·

326 1981 420 2036 rat,
444 1972 574 2037 quod
601 1974 694 2022 vix
727 1974 960 2023 Romanis
982 1972 1094 2022 fulti
1117 1974 1306 2024 viribus
1328 1972 1663 2025 sustinuissent.
1702 1977 1825 2026 Non

327 2047 514 2098 diutius
538 2049 585 2098 se
608 2050 660 2099 in
683 2052 902 2100 Hernico
924 2050 1071 2102 hostis
1103 2052 1368 2102 continuit.
1433 2053 1593 2119 pergit
1615 2052 1726 2101 inde
1749 2052 1824 2101 in-

326 2123 472 2175 festus
497 2127 551 2176 in
589 2142 733 2192 agros
756 2131 1024 2191 Romanos,
1060 2121 1209 2178 etiam
1242 2128 1340 2178 sine
1361 2128 1478 2178 belli
1510 2129 1696 2192 injuria
1728 2145 1822 2179 va-

324 2201 491 2253 statos.
558 2205 658 2255 Ubi
692 2197 844 2273 quum
879 2206 1062 2256 obvius
1100 2220 1265 2269 nemo,
1299 2222 1362 2255 ne
1383 2207 1582 2256 inermis
1605 2206 1821 2273 quidem,

324 2279 482 2344 fleret,
517 2295 699 2350 perque
726 2281 909 2347 omnia,
946 2299 1050 2333 non
1073 2283 1297 2350 praefidiis
1325 2284 1478 2333 modo
1499 2283 1701 2348 deserta,
1738 2284 1820 2335 sed

325 2357 476 2406 etiam
499 2359 633 2408 c'ultu
670 2360 860 2424 agresti,
899 2359 1182 2421 tranfirent;
1216 2375 1484 2428 pervenere
1521 2361 1583 2410 ad
1616 2362 1818 2411 tertium

323 2434 536 2501 lapidem
561 2435 758 2484 Gabin&
781 2437 883 2485 via.
933 2439 1165 2486 Mortuus
1184 2438 1409 2488 AEbutius
1431 2448 1538 2488 erat
1564 2440 1818 2489 Romanus

324 2510 513 2561 consul.
581 2513 769 2576 collega
795 2513 898 2577 ejus
922 2513 1154 2563 Servilius
1176 2515 1357 2580 exigua
1389 2515 1443 2564 in
1476 2513 1559 2581 spe
1591 2516 1818 2568 trahebat

322 2588 553 2637 animam.
571 2588 730 2638 affecti
746 2588 965 2657 pleriq'ue
989 2590 1286 2658 principum,
1302 2595 1500 2641 Patrum
1515 2592 1677 2652 maior
1688 2609 1818 2660 pat-8,

322 2665 547 2716 militaris
563 2664 661 2715 fere
677 2677 792 2716 aetas
807 2668 993 2717 omnis:
1012 2679 1070 2716 ut
1087 2684 1190 2718 non
1207 2669 1359 2720 modo
1380 2669 1442 2718 ad
1459 2670 1816 2737 expeditiones,

321 2756 443 2807 quas
465 2742 516 2790 in
544 2752 683 2792 tanto
706 2744 920 2793 tumultu
947 2760 1019 2793 res
1041 2744 1289 2811 poscebat,
1323 2746 1404 2795 sed
1427 2745 1521 2795 vix
1542 2747 1605 2797 ad
1627 2748 1818 2812 quietas

321 2818 550 2869 stationes
571 2819 760 2869 viribus
783 2819 1070 2870 sufficerent.
1122 2826 1306 2874 Munus
1324 2824 1816 2888 vigiliarum-senato·

320 2909 413 2959 reS,
448 2895 531 2961 qui
553 2911 644 2963 per
660 2907 852 2947 aetatem
866 2914 923 2948 ac
941 2899 1275 2950 valetudinem
1292 2912 1535 2968 poterant,
1554 2916 1642 2967 per
1663 2901 1710 2951 sc
1728 2901 1819 2970 ipfi

321 2970 559 3020 obibantt
594 2972 821 3023 circuitio
842 2989 900 3023 ac
934 2989 1052 3023 cura
1073 2975 1286 3026 aedilium
1309 2978 1468 3066 plebei
1490 2989 1609 3027 erat.
1645 2978 1707 3028 ad
1730 2993 1815 3029 eos

320 3044 512 3099 summa
528 3063 694 3103 rerum
708 3065 765 3103 ac
786 3050 1006 3119 majestas
1023 3052 1329 3107 consularis
1314 3056 1507 3126 imperii
1524 3065 1745 3106 venerat.
