2092 3734
352 204 417 254 26
570 242 575 245 -
871 204 943 256 T.
1010 207 1058 257 L
1083 207 1121 257 Ἰ
1155 208 1204 257 V
1238 208 1265 257 1
1300 207 1330 259 1

344 304 434 356 per
454 296 602 342 omne
622 292 761 357 regni
783 302 990 361 tempus,
1009 296 1141 345 haud
1157 297 1323 345 minor
1341 297 1490 363 paciS,
1514 301 1842 367 quam‘regnl.

342 369 423 418 Ita
445 369 545 419 duo
568 370 793 438 deinceps
811 387 962 437 reges,
997 373 1119 422 alius
1135 373 1229 421 alia
1251 373 1450 434 vi21‚i11e
1466 375 1611 440 bello,
1646 378 1728 427 hic
1751 380 1860 445 pai

339 462 414 511 ee,
449 450 701 503 civitatem
724 462 986 500 auxerunt.
1056 452 1295 501 Romulus
1329 452 1513 519 septem
1551 455 1602 504 ἃ
1635 456 1839 520 triginta

335 530 565 592 regnavit
581 543 762 578 annos:
800 532 965 578 Numa
988 539 1083 578 tres
1105 530 1155 578 &
1177 529 1514 594 quadraginta.
1588 537 1725 582 Tum
1744 551 1838 583 va·

333 604 451 669 lida,
471 617 577 655 tum
598 617 868 673 temperata
881 606 931 655 δε
947 606 1132 655 belli&
1144 607 1275 672 pacis
1296 608 1496 672 artibuS,
1510 619 1614 658 erat
1635 612 1831 661 civitas.

402 687 579 732 XXII.
617 686 792 733 Numae
814 692 975 732 morte
997 682 1058 732 ad
1078 682 1413 745 interregnum
1434 699 1508 733 res
1535 685 1697 734 rediit.
1745 691 1829 737 In·
1893 688 1900 695 ⁷

331 758 398 811 de
420 762 626 811 Tullum
650 760 927 824 Hostilium,
942 770 1177 826 nepotem
1202 759 1410 823 Hostilii,
1435 761 1572 824 cujus
1589 764 1640 811 in
1657 763 1829 814 infima

328 854 443 888 arce
465 840 593 889 clara
615 852 779 905 pugna
799 835 1029 886 adversus
1054 836 1254 885 Sabinos
1282 836 1457 900 fuerat,
1480 853 1646 902 regem
1663 855 1832 907 popu-

324 915 403 965 lus
419 915 567 980 juffit.
636 916 800 963 Patres
820 912 1037 963 austores
1053 911 1185 961 fasti.
1232 910 1329 962 Hie
1344 929 1446 963 non
1469 912 1627 964 solum
1650 918 1824 982 proxi-

323 1008 413 1042 mo
435 994 537 1056 regi
560 990 808 1053 diffluum,
833 989 913 1039 sed
936 989 1152 1040 ferocior
1172 990 1322 1038 etiam
1336 991 1555 1041 Romulo
1572 992 1686 1041 fuit.
1712 1004 1821 1045 tum

323 1081 442 1120 aetas
475 1068 717 1134 viresque,
762 1078 872 1115 tum
894 1067 1037 1133 avita
1069 1081 1267 1132 quoque
1300 1065 1455 1129 gloria
1487 1068 1705 1118 animum
1738 1071 1819 1120 sti-

320 1146 560 1196 mulabat.
631 1143 881 1194 Senescere
903 1144 1055 1207 igitur
1075 1143 1339 1196 civitatem
1353 1144 1460 1194 otio
1492 1155 1641 1209 rame,
1673 1148 1819 1198 undi-

314 1238 412 1292 que
434 1226 689 1274 materiam
720 1221 969 1271 excitandi
988 1221 1103 1270 beni
1126 1222 1388 1286 quaerebat.
1459 1226 1608 1272 Forte
1629 1228 1817 1295 evenit,

316 1310 376 1349 ut
397 1301 599 1372 agrestes
622 1298 837 1350 Romani
859 1312 926 1347 ex
948 1298 1144 1346 Albano
1165 1313 1302 1361 agro,
1341 1297 1519 1348 Albani
1541 1314 1606 1349 ex
1627 1304 1813 1352 Roma·

236 1412 240 1416 -
314 1394 384 1428 no
408 1378 590 1445 praedas
613 1378 1069 1443 invicem‘agerent.
1138 1376 1459 1442 imperitabat
1482 1382 1587 1432 tum
1613 1382 1671 1429 C.
1695 1381 1811 1430 Clu.

311 1454 424 1503 ilius
450 1454 605 1504 Albae.
642 1454 870 1518 utrinque
890 1452 1039 1515 legati
1062 1451 1163 1500 fere
1185 1450 1274 1500 sub
1293 1452 1422 1501 idem
1445 1463 1636 1521 tempus
1652 1456 1713 1506 ad
1734 1473 1811 1510 res

309 1529 596 1597 repetendas
616 1529 756 1580 miffi.
808 1529 986 1578 Tullus
1003 1540 1297 1595 praeceperat
1313 1529 1422 1594 suis,
1436 1546 1497 1579 ne
1516 1531 1637 1597 quid
1654 1534 1810 1600 prius,

307 1613 459 1673 quam
480 1607 724 1671 mandata,
747 1616 965 1671 agerent.
1032 1604 1145 1655 satis
1173 1605 1369 1671 soiebat,
1403 1619 1693 1670 negaturum
1717 1611 1806 1660 Al-

307 1682 495 1734 banum
508 1703 523 1745 3
559 1684 628 1732 ita
650 1684 728 1750 pie
750 1682 933 1731 bellum
955 1680 1104 1733 indici
1129 1678 1278 1748 poss‘es
1317 1682 1397 1730 Ab
1416 1682 1616 1732 Albanis
1638 1681 1803 1735 socor·
1827 1742 1834 1753 θ

302 1757 417 1810 dius
448 1776 523 1810 res
546 1759 678 1810 aeta:
717 1759 912 1825 excepti
946 1756 1162 1823 hospitio
1183 1757 1247 1806 ab
1266 1758 1419 1808 Tullo
1439 1757 1615 1808 blande
1633 1776 1693 1810 ac
1715 1761 1803 1811 be-

258 1872 265 1875 -
301 1835 354 1885 ni
359 1839 471 1899 gne5
487 1835 694 1884 comiter
710 1835 834 1897 regis
850 1833 1144 1881 convivium
1157 1833 1418 1882 celebrant.
1454 1833 1686 1901 tantisper
1696 1840 1800 1887 Ro-

296 1911 434 1959 mani
458 1909 509 1959 Bt
530 1925 604 1959 res
621 1910 951 1974 repetiverant
967 1904 1167 1973 priores,
1191 1907 1241 1956 δε
1262 1909 1463 1971 neganti
1483 1909 1677 1959 Albano
1695 1911 1798 1961 bel-

292 1990 403 2038 lum
437 1988 489 2035 in
532 1984 831 2049 trigesimum
870 1984 1001 2034 diem
1032 1981 1330 2033 indixerant.
1386 1986 1488 2035 haec
1511 1991 1798 2039 renunciant

296 2063 473 2114 Tullo.
546 2066 685 2111 Tum
724 2060 894 2125 legatis
920 2060 1096 2112 Tullus
1121 2052 1317 2110 dicendi
1338 2061 1641 2128 potestatem,
1676 2067 1796 2130 quid

296 2150 517 2208 petentes
539 2140 781 2203 venerint,
815 2138 950 2187 facit.
1018 2137 1089 2186 illi
1116 2138 1337 2187 omnium
1365 2139 1541 2204 ignari,
1575 2140 1793 2207 primum

292 2217 553 2285 purgando
579 2227 741 2266 terunt
763 2227 979 2283 tempus:
1018 2216 1073 2263 Se
1094 2215 1254 2265 invitos
1269 2216 1503 2283 quicquam,
1524 2219 1633 2284 quod
1650 2220 1794 2270 minias

283 2294 460 2362 placeat
481 2294 620 2357 Tullo,
653 2293 866 2354 distat-053
889 2293 969 2358 sed
998 2292 1179 2358 imperio
1199 2292 1343 2360 subigi
1358 2311 1375 2343 .·
1410 2309 1479 2344 res
1498 2297 1728 2361 repetitum
1738 2301 1794 2364 [ὲ

287 2370 466 2437 veniffl’.
504 2375 568 2421 N
569 2373 586 2420 ἱ
604 2372 849 2432 reddantur,
870 2368 1021 2419 bellum
1045 2369 1226 2419 indicere
1234 2371 1383 2438 juſjbs.
1442 2371 1522 2422 Ad
1543 2373 1644 2422 haec
1659 2376 1787 2425 Tul-

288 2448 365 2499 lus
391 2466 405 2498 2
443 2448 681 2512 Nunc-iate,
714 2448 891 2512 inquit,
920 2448 1014 2512 regi
1037 2445 1195 2511 vestro,
1228 2464 1373 2515 regem
1405 2451 1642 2499 Romanum
1663 2452 1788 2503 Deos

275 2526 432 2592 facere
446 2526 585 2588 testes,
618 2534 713 2574 uter
725 2526 849 2591 prinis
867 2522 1043 2589 populus
1064 2539 1133 2572 res
1154 2533 1388 2590 repetentes
1407 2525 1565 2591 legatos
1580 2526 1783 2592 asperna-

283 2608 354 2651 tus
374 2600 598 2667 dimiserit,
622 2609 669 2649 ut
690 2600 734 2648 ἱη
750 2612 844 2647 eum
867 2613 1007 2647 omnes
1028 2607 1229 2665 expetant
1248 2599 1411 2664 huJufie
1429 2600 1566 2649 clades
1585 2602 1698 2650 belli.

349 2681 552 2727 XXIII.
589 2681 706 2726 Haee
743 2676 977 2725 nunciant
1010 2674 1215 2726 domum
1252 2676 1447 2726 Albani.
1505 2680 1569 2726 Et
1597 2678 1779 2732 bellum

278 2756 511 2821 utrinque
526 2753 717 2804 summa
739 2768 834 2820 ope
857 2754 1134 2821 parabatur,
1154 2754 1291 2803 civili
1314 2753 1608 2803 ssmillimum
1631 2755 1780 2821 bello,

278 2838 434 2900 prope
477 2832 607 2881 inter
647 2840 870 2899 parentes
896 2829 1132 2895 natosque
1151 2850 1167 2890 ς
1212 2830 1488 2893 Troianam
1515 2844 1778 2898 utramque

223 2958 227 2963 .
276 2913 486 2979 prolem,
520 2925 673 2977 quum
712 2909 981 2959 Lavinium
1002 2909 1065 2958 ab
1092 2908 1267 2970 Troja,
1301 2909 1365 2958 ab
1388 2909 1605 2959 Lavinio
1627 2910 1773 2976 Alba,

271 2989 340 3041 ab
378 2989 687 3042 Albanorum
721 2987 866 3056 stirpe
898 3000 1074 3052 regum
1106 2984 1305 3038 oriundi
1345 2988 1582 3115 Roman}⁷⁴
1594 2985 1769 3040 essent.

1509 3102 1520 3107 -
1585 3071 1768 3113 ventus
