2092 3734
810 169 859 222 L
893 171 920 222 1
951 171 990 221 B
1027 170 1072 220 Ε
1103 170 1152 222 R
1218 170 1317 222 lv·
1721 184 1818 232 253

321 261 525 320 emetur,
558 270 633 307 nec
649 255 837 322 virtute,
869 274 944 308 nec
958 259 1191 324 patientid,
1223 273 1299 307 nec
1319 256 1542 326 disciplina
1567 257 1635 308 rei
1655 257 1821 308 milita·
1864 250 1875 261 “

324 329 391 379 ris
413 333 634 382 cedendum
658 333 749 400 ff.
800 334 949 384 Haud
971 350 1103 384 vana
1124 335 1330 384 attulere
1350 354 1361 384 ι
1399 336 1481 387 sed
1505 352 1594 387 nec
1614 334 1821 404 perinde

324 407 493 456 Patres
516 410 804 473 moti·sunt;
840 413 890 461 ἃ
917 416 976 460 C.
1002 412 1332 478 Sempronius,
1367 414 1446 462 cui
1477 430 1534 463 ea
1556 413 1821 480 provincia

322 479 444 532 sorti
484 487 667 549 evcnit,
702 497 935 552 tanquam
971 486 1346 537 constantiffima
1383 505 1453 551 re,
1486 490 1686 539 fortuna
1718 488 1819 540 sre-

322 568 419 622 tuS,
454 554 587 629 q'uod
611 562 811 614 vistoris
834 564 1008 632 po‘puli
1031 562 1264 614 adversus
1286 563 1444 615 vistos
1469 566 1574 616 dux
1597 563 1727 630 essct,
1759 581 1821 615 o·

320 636 460 685 mnia
499 648 681 688 temere
716 655 775 691 ac
810 641 1114 705 negligenter
1147 642 1268 704 egit.
1315 643 1439 692 adeo
1461 653 1520 692 ut
1552 641 1822 709 discipline

255 767 260 771 ,
321 713 563 763 Romanae
603 716 709 781 plus
748 717 799 767 in
833 716 1019 767 Volsco
1050 717 1291 781 exercitu,
1325 724 1474 782 quam
1497 719 1550 768 in
1570 721 1822 783 Romano,

326 785 461 836 effet.
530 793 663 856 Ergo
685 792 903 855 fortuna,
936 803 993 840 ut
1016 791 1139 858 saepe
1161 791 1298 855 alias,
1332 793 1571 843 virtutem
1595 792 1660 842 est
1682 791 1821 843 secu·

325 874 395 913 ta.
465 867 631 917 Primo
655 868 838 934 prelio,
873 868 1007 933 quod
1030 869 1094 917 ab
1122 868 1411 934 Sempronio
1435 870 1629 919 incaute
1650 869 1825 920 incon·

322 939 542 1006 sulte'que
565 943 870 993 commiffum
892 943 974 1006 est,
993 958 1094 993 non
1118 942 1335 993 subfidiis
1358 943 1551 994 firmata
1572 945 1695 1008 acie,
1713 960 1818 996 non

319 1019 485 1083 equite
523 1023 635 1086 apte
671 1021 854 1085 locam,
889 1018 1183 1068 concursum
1220 1019 1302 1068 est.
1353 1021 1541 1070 elamor
1578 1021 1817 1072 indicium
1860 1086 1871 1092 ⁴

321 1093 540 1159 primum
561 1095 672 1159 fuit,
705 1101 806 1162 quo
828 1112 903 1146 res
941 1095 1233 1145 inclinatura
1258 1093 1388 1146 ess‘et.
1424 1099 1688 1148 excitatior
1710 1113 1817 1148 cre·

321 1171 554 1237 briorque
577 1175 640 1224 ab
670 1175 805 1225 hoste
834 1173 1084 1235 sublatus;
1119 1174 1183 1223 ab
1206 1176 1442 1224 Romanis
1465 1174 1692 1241 dissonus,
1723 1177 1819 1225 im-

321 1264 423 1318 par,
458 1248 651 1315 segnius
690 1251 814 1320 saepe
852 1252 1075 1315 iteratus,
1110 1252 1300 1301 incerto
1342 1251 1557 1302 clamore
1595 1252 1817 1320 prodidit

320 1343 563 1395 pavorem
595 1331 895 1380 animorum.
965 1333 1041 1378 Eo
1065 1328 1282 1379 ferocior
1304 1329 1463 1379 illatus
1486 1330 1648 1395 hostiS,
1670 1346 1816 1397 urge-

317 1420 371 1456 re
411 1405 573 1469 scutisz,
606 1408 789 1457 micare
829 1405 1035 1470 gladiis:
1072 1405 1222 1454 altera
1257 1419 1322 1454 ex
1362 1416 1498 1472 parte
1520 1416 1696 1456 nutant
1718 1408 1815 1457 cir·

318 1481 762 1550 cumspcflantibus
785 1484 950 1548 galeae,
984 1481 1226 1532 &incerti
1247 1481 1507 1548 trepidant,
1540 1484 1814 1550 applicant·

318 1576 414 1627 quc
437 1561 487 1610 sc
511 1562 682 1612 turbae.
719 1563 865 1627 Signa
895 1575 1027 1610 nunc
1051 1559 1306 1609 refistentia
1328 1557 1613 1610 deseruntur
1633 1561 1697 1611 ab
1725 1577 1814 1611 an·

315 1638 591 1702 oefignanis,
610 1656 740 1689 nunc
763 1641 887 1688 inter
903 1637 1016 1687 suos
1034 1636 1312 1703 manipulos
1335 1638 1660 1705 recipiuntur.
1685 1652 1810 1688 non-

317 1715 436 1766 dum
467 1717 585 1782 fuga
623 1729 771 1782 certa,
806 1715 1032 1767 nondum
1072 1713 1284 1764 vicioria
1321 1725 1441 1764 erat.
1509 1715 1610 1781 tegi
1654 1720 1811 1782 magis

317 1796 587 1859 Romanus,
621 1802 768 1862 quam
791 1810 1028 1863 pugnare.
1101 1791 1309 1843 Volscus
1344 1792 1524 1843 inferre
1544 1793 1693 1860 ligna,
1726 1809 1808 1847 ur·

316 1886 432 1937 gere
455 1874 626 1936 aciem,
660 1873 766 1940 pius
790 1872 930 1923 caedis
953 1870 1166 1945 hostium
1191 1870 1375 1934 videre,
1409 1877 1555 1936 quam
1575 1871 1722 1937 fugae.

385 1953 689 2001 XXXVIII.
722 1953 836 2015 Jam
857 1950 1087 2001 omnibus
1103 1947 1224 1998 locis
1247 1948 1453 1999 ceditur.
1477 1950 1808 2017 nequicquam

315 2014 608 2093 Sempronio
641 2028 839 2079 consule
876 2027 1173 2092 objurgante
1206 2037 1356 2092 atque
1388 2027 1634 2093 hortante,
1678 2028 1805 2080 nihil

313 2120 409 2155 nee
443 2106 719 2172 imperium,
764 2119 856 2155 nec
891 2105 1112 2167 majestas
1150 2104 1377 2154 valebat:
1427 2105 1637 2173 dataque
1678 2119 1807 2158 mox

313 2193 452 2246 terga
476 2182 692 2233 hostibus
729 2180 909 2246 forent,
942 2183 994 2231 ni
1019 2186 1132 2230 Sex.
1160 2182 1483 2248 Tempanius,
1517 2180 1718 2234 decurio
1750 2198 1803 2232 e-

309 2261 525 2327 quitum,
561 2261 754 2310 labente
784 2259 888 2324 jam
922 2274 991 2324 re,
1026 2256 1249 2327 praescnti
1282 2259 1453 2310 animo
1487 2258 1802 2311 subvenisset.

309 2340 396 2406 qui
418 2355 572 2404 quum
606 2339 787 2405 magna
809 2352 937 2388 voce
970 2336 1293 2401 exclamasset,
1326 2347 1375 2387 nt
1408 2339 1583 2405 equites,
1613 2340 1687 2406 qui
1711 2339 1799 2403 fid-

304 2430 417 2465 vam
438 2414 739 2482 rempublicam
772 2414 933 2466 vellent
952 2413 1045 2482 effe,
1080 2429 1134 2464 ex
1162 2414 1277 2480 equis
1303 2412 1538 2479 desilirent;
1571 2417 1799 2469 omnium

305 2486 582 2542 turmarum
615 2491 879 2558 equitibus»,
911 2490 1054 2540 velut
1074 2490 1135 2541 ad
1170 2489 1381 2540 consulis
1401 2490 1663 2558 imperium
1684 2509 1796 2547 mo-

307 2568 388 2628 tis,
423 2571 483 2616 N
485 2567 535 2631 ifi
551 2567 648 2633 haec,
680 2568 856 2634 inquit,
888 2574 1061 2617 armata
1080 2566 1225 2616 cohors
1251 2564 1378 2631 sistat
1418 2568 1629 2635 impetum
1665 2568 1792 2633 bosti-

306 2658 399 2705 um,
432 2643 572 2693 astum
593 2645 645 2693 de
671 2645 852 2712 imperio
888 2643 965 2707 est.
1017 2641 1252 2708 Sequimini
1270 2654 1353 2708 pro
1389 2646 1548 2696 vexillo
1581 2646 1795 2712 cuspidem

304 2735 467 2769 meam.
516 2720 714 2784 ostencfite
736 2721 939 2772 Romanis
978 2720 1222 2786 Volfiisque,
1272 2737 1399 2788 neque
1430 2722 1631 2789 equitibus
1671 2723 1793 2774 vobis

308 2795 412 2845 ullos
469 2797 638 2863 equites,
702 2804 778 2848 πει·
824 2797 1036 2865 peditibus
1087 2796 1165 2865 effe
1195 2797 1361 2863 pedites
1396 2810 1548 2867 pares.
1618 2803 1791 2865 Quum

308 2873 527 2923 clamore
567 2874 891 2941 comprobata
918 2873 1201 2925 adhortatio
1224 2873 1354 2937 essct,
1388 2875 1533 2927 vadit
1569 2877 1664 2928 aite
1701 2892 1790 2930 cu·

305 2946 498 3020 {pidem
546 2963 738 3018 gerens.
800 2964 1094 3020 quacunque
1137 2950 1385 3018 incedunt,
1436 2953 1494 3004 vi
1534 2952 1674 3071 viaet?
1713 2949 1788 3005 sa·
1820 2966 1829 2973 ’

900 3040 910 3047 ·
1094 3043 1102 3050 ’
1663 3026 1788 3073 ΜΝ
