2092 3734
290 221 439 273 .452
879 203 1341 257 ·r.r„1v11

341 310 481 347 mum
505 292 663 360 pilum
693 293 962 344 vocabant.
1031 292 1221 353 Tribus
1255 306 1324 341 ex
1345 289 1545 341 vexillis
1565 289 1848 344 constabat.

344 370 591 421 vexillum
623 379 819 420 centum
852 369 1109 433 oaoginta
1131 368 1218 418 sex
1252 367 1475 417 homines
1507 379 1666 418 erant.
1741 368 1852 417 Pri-

342 464 485 499 mum
523 448 768 497 vexillum
806 448 1002 498 triarios
1034 446 1264 509 ducebat,
1300 455 1598 495 veteranum
1630 446 1853 496 militem

344 522 569 592 speetatae
600 525 829 574 virtutis:
880 522 1148 574 secundum
1185 523 1417 586 rorarios,
1455 524 1618 573 minus
1651 521 1857 573 roboris

344 611 488 661 ,aetate
505 598 766 664 saaisque:
803 601 1005 649 tertium
1020 598 1266 662 aecensQS,
1297 599 1515 648 minimae
1532 598 1732 649 fiduciae
1747 613 1854 648 ma·

346 691 483 726 num.
521 690 583 724 eo
621 676 673 726 δε
706 675 761 725 in
792 675 1087 742 postremam
1118 675 1279 725 aciem
1310 675 1681 738 rejiciebantur.
1754 673 1856 726 Ubi

346 751 425 802 his
447 750 704 801 ordinibus
725 753 971 813 exercitus
992 749 1247 820 instruatis
1272 749 1407 813 esset,
1427 750 1600 799 hastati
1622 750 1858 800 omnium

347 829 496 897 primi
520 843 738 895 pugnam
760 829 970 878 inibant.
996 828 1032 877 fi
1054 827 1227 877 hastati
1247 828 1513 894 profligare
1535 828 1727 876 hostem
1748 840 1858 879 non

347 903 555 973 poffent,
589 902 716 970 pede
738 902 895 971 presso
913 919 997 954 eos
1026 903 1387 953 retrocedentes
1408 904 1461 952 in
1483 903 1750 953 intervalla
1772 918 1857 955 or·
1881 946 1886 951 .

348 980 523 1031 dinum
563 981 808 1046 principes
847 982 1169 1049 recipiebant.
1210 991 1320 1030 tum
1358 981 1641 1048 principum
1683 995 1858 1048 pugna

348 1068 487 1118 erat5
523 1056 694 1106 hastati
719 1057 1065 1124 sequebantur.
1099 1059 1258 1108 triarii
1286 1056 1377 1107 sub
1404 1057 1605 1107 vexillis
1627 1057 1854 1108 confide-

348 1132 487 1198 bant,
525 1133 710 1186 finistro
728 1152 869 1186 crure
891 1136 1135 1202 porrefio,
1169 1133 1305 1184 scuta
1327 1132 1483 1184 innisa
1504 1135 1740 1198 humeris,
1764 1135 1855 1183 ha·

348 1210 442 1271 fias
465 1208 684 1263 subr'esta
720 1211 920 1279 cuspide
959 1213 1013 1262 in
1051 1222 1182 1261 terra
1216 1210 1359 1274 fixas,
1393 1210 1525 1261 haud
1547 1209 1684 1262 secus
1705 1216 1858 1279 quam

350 1288 489 1353 yallo
512 1286 649 1355 septa
687 1291 961 1341 inhorreret
982 1291 1131 1355 acies,
1164 1299 1404 1348 tenentes.
1472 1289 1519 1338 Si
1551 1288 1687 1356 apud
1717 1288 1860 1356 prin·

351 1366 486 1433 cipes
526 1380 722 1433 quoque
757 1365 888 1417 haud
923 1364 1038 1416 satis
1078 1358 1310 1434 prospere
1346 1363 1463 1415 effet
1495 1375 1806 1433 pugnatum„
1827 1368 1860 1416 ἃ

352 1445 518 1513 prima
536 1445 643 1492 acie
664 1444 729 1496 ad
745 1445 939 1495 triarios
957 1441 1130 1494 senfim
1163 1442 1521 1494 referebantur.
1555 1442 1671 1493 inde
1688 1439 1864 1493 remed

352 1521 533 1572 triarios
572 1520 738 1588 redss'e,
770 1537 931 1589 quum
950 1521 1236 1591 laboratur,
1269 1519 1542 1588 proverbio
1563 1520 1861 1571 increbruit.

352 1599 515 1665 triarii
538 1598 904 1665 consurgentes,
937 1599 1026 1650 ubi
1045 1601 1097 1650 in
1118 1599 1378 1650 intervalla
1393 1597 1622 1650 ordinum
1650 1598 1857 1651 suorum

352 1678 605 1746 principes
629 1678 679 1728 ec
709 1678 919 1728 hastatos
952 1677 1258 1745 recepiffent,
1292 1678 1547 1745 extemplo
1577 1675 1858 1745 compreffis

355 1755 613 1806 ordinibus
637 1756 778 1805 velut
801 1755 1098 1809 claudebant
1113 1757 1253 1808 vias:
1287 1769 1490 1821 unoque
1511 1754 1787 1817 continenti
1804 1769 1858 1805 a-

355 1832 542 1897 gmine,
572 1832 677 1894 jam
711 1834 844 1883 nulls
877 1834 961 1901 spe
996 1834 1103 1901 post
1138 1831 1318 1898 tellas,
1351 1833 1403 1882 in
1439 1832 1626 1883 hostem
1658 1830 1858 1882 incede·

357 1907 515 1957 bant:
564 1907 614 1956 id
652 1920 759 1959 erat
796 1909 1296 1961 formidolofissimum
1335 1909 1476 1972 hosti,
1509 1923 1684 1974 quum,
1718 1908 1863 1959 velut

357 1982 518 2035 vistos
540 1984 764 2052 insecuti,
799 2003 989 2038 novam
1009 1990 1210 2056 repente
1232 1988 1393 2037 aciem
1406 1985 1751 2051 exsurgentem
1769 2000 1860 2036 au·

363 2060 493 2111 flam
521 2076 731 2111 numero
768 2062 1051 2113 cernebant.
1086 2061 1438 2113 scribebantur
1451 2071 1618 2117 autem
1639 2071 1861 2127 quatuor

358 2138 462 2190 fere
482 2139 699 2203 legiones
722 2141 882 2205 quinis
909 2141 1126 2191 millibus
1143 2140 1381 2208 peditum,
1414 2137 1662 2204 equitibus
1695 2138 1749 2189 in
1765 2137 1862 2189 sm·

358 2217 500 2282 gulas
521 2217 742 2281 legiones
766 2220 989 2269 trecenis.
1025 2219 1235 2270 alterum
1255 2223 1450 2269 tantum
1476 2233 1544 2268 ex
1571 2219 1758 2268 Latino
1773 2216 1858 2268 de·

358 2292 490 2346 leftu
510 2292 851 2358 adjiciebatur,
882 2297 973 2362 qui
995 2297 1055 2346 e&
1076 2295 1546 2364 tempestate‘hostes
1582 2306 1722 2345 erant
1753 2297 1856 2346 Ro-

361 2373 539 2437 manis,
572 2373 848 2439 eodemque
871 2375 1043 2424 ordine
1074 2375 1402 2427 instruxerant
1430 2375 1622 2427 aciem:
1654 2389 1747 2425 nec
1768 2388 1857 2424 ve·

362 2447 488 2502 xilla
510 2465 625 2499 curn
648 2450 845 2504 vexillis
869 2456 1081 2514 tanturn,
1113 2450 1329 2501 universi
1365 2450 1536 2502 hastati
1565 2466 1681 2502 cum
1702 2449 1854 2501 hastae

364 2527 447 2590 tis,
481 2526 726 2596 principes
760 2543 873 2578 cum
906 2530 1246 2598 principibus;
1281 2529 1365 2580 sed
1404 2530 1632 2580 centurio
1661 2543 1861 2597 quoque

359 2598 482 2657 'cum
506 2606 811 2670 centurione,
846 2606 880 2655 fi
902 2608 1099 2660 ordines
1123 2608 1307 2658 turbati
1330 2623 1431 2659 non
1455 2606 1619 2671 effent,
1654 2622 1858 2660 concut-

364 2683 579 2736 rendum>
603 2682 691 2732 fibi
715 2682 809 2734 ess'e
826 2683 1061 2736 sciebant.
1097 2688 1214 2738 Duo
1232 2685 1469 2753 primipili
1491 2701 1556 2736 ex
1577 2695 1785 2752 utraque
1803 2701 1854 2739 a·

369 2764 448 2813 cie
470 2763 599 2812 inter
634 2762 829 2812 triarios
863 2774 1036 2814 erant:
1072 2767 1325 2816 Romanus
1358 2779 1574 2833 corpore
1607 2764 1854 2831 haudqua-

366 2855 522 2908 quam
557 2839 670 2890 satis
704 2838 914 2904 validus,
960 2846 1179 2892 ceterum
1216 2842 1435 2903 strenuus
1468 2844 1550 2893 vir
1582 2843 1854 2911 peritusque

368 2918 594 2968 militiae:
630 2919 838 2969 Latinus
872 2919 1064 2969 viribus
1102 2920 1273 2984 ingens
1306 2919 1609 2986 bellatorque
1641 2922 1821 2989 primus
1836 2938 1852 2984 ς

368 2996 604 3052 notiffimi
624 2997 756 3053 inter
771 2997 838 3065 se,
872 2999 990 3066 quia
1013 3013 1154 3073 pares
1175 2994 1366 3079 semper
1385 2998 1582 3053 ordines
1597 2997 1853 3055 duxerant..

348 3130 376 3143 „.
550 3084 559 3091 ”
696 3086 707 3093 ·
1609 3079 1851 3144 Romano,
