2092 3734
366 248 466 316 26'4
879 226 1333 306 ’πίτνα

362 342 418 392 in
442 338 660 394 conciliis
684 342 889 411 privatis
921 345 1201 411 priucipum
1226 344 1471 411 cogendiS,
1505 344 1642 395 viam
1665 340 1860 398 confini

363 420 719 480 inveniebant;
754 436 905 485 quum
934 427 1032 488 Ap.
1056 420 1301 484 Claudius»,
1336 437 1493 489 nepos
1511 423 1631 487 ejuS‚
1666 423 1752 488 qui
1770 423 1858 472 de-

364 497 558 547 eemvir
584 498 774 562 legibus
796 498 1059 547 scribendis
1082 498 1256 561 suerat,
1290 500 1520 549 minimus
1536 509 1656 548 natu
1678 515 1745 551 ex
1765 502 1862 548 Pa·

363 583 496 625 trum
520 577 752 640 concili0,
784 575 965 626 dicitur
991 575 1179 641 dixisse,
1214 577 1343 626 Vetus
1353 576 1406 643 fi·
1441 592 1492 625 ae
1503 577 1734 642 familiare
1755 593 1858 626 con-

350 651 501 719 filium
522 653 642 703 domo
677 654 851 717 afferre.
891 665 1109 720 proavum
1142 656 1255 702 enim
1276 655 1403 720 suum
1437 656 1536 720 Ap.
1564 654 1786 703 Claudium
1809 670 1859 704 o·

352 730 554 798 stendffl
574 733 777 781 Patribus
799 733 921 781 viam
953 749 1082 781 unam
1115 730 1369 798 dtffilvendae
1395 730 1620 781 tribunicia
1631 732 1865 798 potestati:

359 818 447 875 per
465 807 716 875 collegarum
739 810 1079 874 interceffionem.
1147 808 1296 857 Facile
1313 808 1498 858 homines
1518 824 1649 858 novos
1670 808 1860 858 austori-

367 892 460 934 tate
474 885 719 952 principum
750 887 801 935 de
809 887 1023 955 fintentiq
1044 885 1203 947 deduci,
1225 885 1270 948 fi
1289 895 1526 952 temporum
1547 886 1758 936 interdum
1771 897 1863 953 po·

365 963 470 1025 tias,
504 966 635 1028 qudm
656 963 902 1030 majestatis,
934 979 1098 1012 memor
1129 962 1375 1012 adhibeatur
1409 965 1563 1014 oratio.
1631 965 1722 1015 Pro
1747 963 1857 1029 for·

366 1049 471 1090 tuna
488 1039 574 1089 illis
594 1041 755 1090 animos
782 1041 875 1108 ‘ff’-
921 1040 991 1091 ubi
1013 1041 1208 1104 videant,
1242 1041 1417 1109 collegas
1440 1043 1658 1109 principes
1688 1041 1858 1108 agenda

363 1117 431 1165 rei
444 1115 642 1184 gratiam
664 1136 829 1168 omnem
861 1121 920 1168 ad
941 1118 1112 1185 plebem
1128 1118 1435 1186 preoccupdffb,
1470 1134 1545 1168 nec
1566 1119 1698 1168 Iocum
1732 1119 1777 1167 in
1797 1134 1851 1167 ea

366 1194 560 1245 reliHum
569 1194 682 1259 stbi3
714 1196 827 1245 haud
836 1201 1033 1264 gravat?
1053 1196 1325 1245 acclinaturos
1335 1199 1387 1263 st
1407 1197 1465 1246 ad
1482 1197 1651 1262 caushm
1660 1193 1852 1261 senariis,

360 1264 448 1337 per
465 1288 589 1338 quam
611 1274 809 1340 univer-sb
847 1274 983 1322 ordini
1018 1290 1115 1322 cum
1139 1274 1353 1339 prioribus
1374 1275 1428 1339 st
1461 1275 1647 1323 Patr-um
1685 1270 1854 1321 concili-

366 1356 457 1398 ent.
528 1349 931 1414 Approbantibus
953 1349 1154 1413 cunfflr,
1188 1349 1240 1398 ἃ
1270 1360 1384 1398 ante
1407 1364 1577 1399 omnes
1601 1353 1668 1413 Q.
1692 1347 1857 1396 Servi-
1896 1409 1919 1416 ἢ

366 1423 440 1474 lio
478 1424 661 1491 Prisco,
696 1427 831 1494 quod
860 1442 964 1478 non
997 1426 1323 1492 degenerasset
1352 1426 1418 1477 ab
1449 1426 1595 1494 stirpe
1635 1425 1859 1490 Claudia,

367 1502 678 1554 collaudante
711 1506 967 1570 juvenem,
999 1506 1259 1570 negotium
1280 1505 1438 1568 datur,
1471 1514 1547 1567 ut,
1580 1518 1705 1570 quos
1727 1502 1862 1570 quis-

369 1596 466 1647 que
503 1580 659 1648 poss‘et
681 1598 746 1634 ex
780 1583 991 1648 collegio
1029 1584 1355 1648 tribunorum,
1387 1582 1450 1634 ad
1472 1582 1862 1634 interceffionem

370 1657 679 1726 perlicerent.
747 1661 897 1712 Miss‘o
930 1659 1115 1725 senatu,
1152 1660 1437 1728 prensantur
1467 1660 1532 1709 ab
1553 1660 1862 1728 principibus

370 1736 584 1787 tribuni:
611 1737 896 1804 suadendo,
929 1738 1197 1802 monendo,
1241 1736 1616 1804 pollicendoque
1659 1747 1860 1801 gratum

370 1811 423 1862 id
444 1812 640 1877 singulis
663 1817 919 1881 privatim,
954 1826 1148 1879 gratum
1166 1813 1399 1865 universo
1422 1812 1607 1863 senatui
1628 1811 1755 1879 fore,
1774 1816 1863 1867 sex

330 1884 336 1889 '
367 1887 433 1937 ad
456 1889 842 1941 intereeffionem
864 1906 1235 1958 comparavere.
1294 1890 1585 1956 Posteroque
1600 1890 1680 1940 die
1703 1906 1860 1957 quum

369 1978 437 2016 ex
459 1968 735 2034 composito
772 1969 980 2018 relatum
1014 1968 1077 2020 ad
1111 1968 1335 2020 senatum
1354 1968 1470 2020 esset
1502 1969 1562 2018 de
1601 1968 1861 2034 seditione,

367 2057 521 2110 quam
542 2046 785 2096 Maecilius
806 2046 1124 2113 Metiliusque
1145 2046 1408 2112 largitione
1435 2045 1617 2115 peffimi
1644 2047 1860 2116 exempli

366 2124 656 2187 concirent3
690 2141 759 2175 eae
791 2125 1039 2175 orationes
1072 2131 1102 2175 a
1133 2124 1431 2193 primoribus
1458 2126 1654 2175 Patrum
1677 2124 1860 2190 habita

368 2200 499 2275 sunt
532 2211 591 2250 ut
612 2217 704 2269 pro
734 2202 782 2251 se
806 2201 1045 2268 quisque
1026 2217 1131 2266 Jam
1158 2217 1251 2252 nec
1283 2201 1537 2253 confilium
1574 2201 1662 2252 fibi
1683 2201 1861 2271 suppe-

366 2289 472 2330 tere
481 2239 693 2345 diceret,
727 2296 817 2331 nee
840 2278 888 2330 se
910 2281 1060 2341 ullam
1081 2294 1230 2347 opem
1252 2294 1448 2329 cernere
1470 2280 1615 2329 aliam
1635 2279 1861 2346 usquam,

368 2366 695 2425 preterquam
714 2358 766 2406 in
782 2356 1051 2407 tribunicio
1073 2356 1284 2405 auxilio.
1332 2355 1384 2404 in
1406 2355 1509 2419 ejus
1532 2356 1778 2422 potestatis
1799 2354 1859 2405 fi-

367 2432 485 2482 dem
506 2434 896 2484 circumventam
929 2433 1303 2501 rempublicam,
1337 2443 1571 2501 tanquam
1605 2436 1859 2500 privatum

367 2508 589 2577 inopem,
622 2511 904 2575 confugere.
961 2510 1252 2571 Praeclarum
1275 2510 1384 2579 ipsis
1408 2511 1726 2578 potestatique
1749 2509 1860 2578 effit,

367 2597 474 2635 non
510 2583 576 2633 ad
617 2584 906 2635 vexandum
940 2583 1162 2635 senatum
1201 2583 1590 2652 discordiamque
1628 2584 1862 2637 ordinum

366 2659 673 2711 movendam
694 2661 802 2730 plus
825 2661 877 2710 in
899 2662 1156 2712 tribunatu
1179 2663 1364 2713 virium
1388 2662 1495 2727 esse,
1530 2668 1678 2728 quam
1700 2663 1762 2713 ad
1784 2678 1863 2714 re·

365 2736 627 2802 fistendum
650 2739 891 2806 improbis
914 2740 1130 2806 collegis.
1199 2741 1442 2790 Fremitus
1466 2739 1641 2790 deinde
1655 2741 1862 2792 univer-

366 2814 407 2865 fi
428 2814 620 2866 senatus
647 2827 802 2882 ortus,
837 2831 990 2884 quum
1005 2831 1074 2868 ex
1105 2816 1334 2867 omnibus
1362 2817 1583 2885 partibus
1605 2818 1753 2868 curiae
1773 2818 1863 2868 tri·

327 2893 495 2945 huni
532 2894 926 2961 appellarentur·
961 2882 1084 2957 tum,
1119 2894 1308 2944 silentio
1346 2893 1494 2958 faeie,
1528 2895 1583 2959 ii,
1616 2896 1702 2961 qui
1738 2898 1862 2963 prde-

372 2973 532 3041 parati
555 2982 694 3021 erant
716 2973 874 3038 gratia
890 2972 1187 3040 principum,
1205 2987 1356 3039 quam
1373 2972 1686 3037 rogationem
1707 2978 1736 3022 a
1758 2972 1863 3022 col·

369 3048 492 3153 legis
521 3051 887 3121 promulgatam
916 3048 1112 3106 senatus
1133 3049 1326 3106 censeat
1361 3050 1675 3106 diffolvendae
1694 3049 1866 3169 rgzpctg
