2092 3734
780 221 828 270 L
863 220 890 271 1
923 219 962 270 B
996 220 1040 270 E
1078 221 1126 270 R
1194 219 1298 270 111.
1701 234 1806 284 209

302 305 461 372 vestris
473 307 666 373 fortunis
688 305 843 371 hostem
880 307 996 357 abire
1021 305 1185 373 finitis·
1254 307 1426 358 Haerete
1445 304 1568 369 affixi
1593 308 1803 360 concioni-

306 385 396 449 bus,
420 388 473 437 dr
496 388 539 436 in
551 388 656 451 foro
676 387 827 436 vivite
839 405 856 435 .-
879 388 1074 454 sequitur
1093 401 1175 436 vos
1192 388 1404 452 neceffitas
1423 386 1654 450 militandi,
1675 402 1804 453 quam

292 462 477 529 fugitis.
546 465 704 512 Grave
740 474 834 514 erat
870 465 914 513 in
947 464 1112 530 AEquos
1134 464 1187 515 όν
1226 463 1387 529 Volfi·os
1419 463 1670 530 proficisci?
1701 472 1804 515 ante

295 550 450 605 portas
473 542 530 604 est
550 540 720 591 bellum.
758 543 804 607 Jt'
821 544 917 592 inde
938 557 1018 592 non
1034 542 1230 609 pellitur,
1253 543 1358 605 jam
1379 544 1497 602 intra
1518 544 1672 591 moenia
1700 543 1802 608 erit,

300 618 358 668 ἐν
382 635 524 669 arcem
543 621 596 672 &·
617 621 872 687 Capitolium
881 620 1075 687 scandet,
1109 621 1162 671 ὑ·
1180 622 1227 669 in
1257 620 1398 669 domos
1411 619 1582 683 vestras
1597 637 1678 670 vos
1694 632 1802 687 per-

290 698 507 766 sequetur.
577 700 751 749 Biennio
772 705 871 750 ante
881 703 1057 767 senatus
1091 699 1295 750 deleHum
1317 698 1476 761 haberi,
1511 700 1573 750 (7-
1587 700 1703 748 educi
1725 714 1804 750 ex-

305 776 492 825 ercitum
519 776 562 825 in
595 777 807 844 Algidum
836 779 969 844 juffit.
1006 777 1205 845 sedemus
1237 776 1391 841 desides
1418 776 1546 840 domi,
1581 777 1806 826 mulierum

299 851 392 900 ritu
412 852 528 901 inter
548 869 619 902 nos
657 852 940 913 altercantes;
966 854 1163 919 presenti
1180 864 1292 919 pace
1328 852 1427 916 leti,
1462 868 1536 900 nec
1571 862 1804 917 cernentes,

300 941 357 976 ex
372 928 456 976 otio
472 926 541 976 illo
562 925 689 976 brevi
705 928 923 994 multiplex
938 926 1090 977 bellum
1110 929 1366 977 rediturum.
1433 927 1522 978 His
1542 942 1618 993 ego
1630 929 1804 994 gratio-

300 1018 356 1051 ra
377 1003 492 1053 diHu
511 1004 597 1052 ”alia
619 1004 695 1071 effic
714 1006 807 1070 scio
823 1023 840 1054 .·
865 1006 948 1071 fid
966 1022 1037 1054 me
1059 1021 1170 1054 vera
1184 1016 1270 1072 pro
1281 1006 1429 1073 gratis
1450 1004 1577 1071 loqui,
1610 1005 1689 1069 etsi
1707 1020 1804 1055 me·

293 1096 369 1130 um
391 1082 610 1148 ingenium
638 1100 718 1132 non
749 1092 953 1146 moneret,
986 1086 1197 1149 necfftm
1219 1086 1350 1152 cogit.
1419 1083 1580 1132 Vellem
1613 1083 1806 1148 equidem

296 1156 422 1207 vobis
435 1158 625 1225 placere,
661 1161 860 1227 ,Quirites
878 1180 892 1220 ς
915 1161 997 1225 sed
1015 1161 1146 1211 multo
1174 1162 1287 1210 malo
1308 1176 1390 1211 vos
1398 1161 1548 1227 Jalvos
1572 1158 1664 1225 effe,
1697 1176 1802 1226 qua-

298 1234 487 1301 licunque
506 1252 609 1304 erga
630 1255 701 1287 me
720 1238 859 1286 animo
869 1237 1021 1301 futuri
1043 1237 1157 1302 estis.
1228 1239 1414 1290 Naturd
1445 1236 1519 1286 hoc
1542 1238 1606 1286 ita
1628 1247 1804 1304 compa·

296 1319 446 1361 ratum
461 1312 535 1377 est,
566 1323 630 1377 ut,
662 1315 732 1381 qui
760 1315 875 1380 apud
894 1314 1203 1366 multitudinem
1212 1315 1299 1381 sud
1320 1315 1447 1365 causti
1467 1314 1664 1381 loquitur,
1689 1309 1803 1380 graj-

296 1389 387 1439 tior
406 1407 452 1440 eo
457 1391 535 1457 sit,
548 1392 665 1457 cujus
681 1408 798 1442 mens
819 1391 937 1456 nibil,
965 1402 1123 1459 prater
1131 1392 1346 1460 publicum
1363 1393 1643 1457 commodum,
1660 1390 1803 1442 videt.

297 1467 379 1534 nifi
392 1468 520 1534 forte
539 1469 808 1539 ostentatores
835 1470 1035 1537 publicos,
1062 1472 1287 1537 plebicolas
1304 1471 1418 1540 ilios,
1449 1472 1518 1537 qui
1553 1486 1632 1520 vos
1665 1485 1739 1520 nec
1757 1470 1807 1519 in

298 1548 435 1597 armis
450 1548 587 1598 necin
608 1550 693 1598 otio
715 1547 793 1616 ff
812 1548 974 1613 sinunt,
1009 1549 1160 1613 vestrd
1181 1566 1260 1598 vos
1279 1549 1406 1598 causti
1438 1548 1618 1597 incitare
1628 1549 1692 1606 ,ύ-
1713 1546 1804 1611 sti·

295 1615 460 1675 mutari
473 1628 659 1691 putatis.
730 1626 961 1691 Concitati,
996 1635 1072 1675 aut
1093 1625 1252 1690 honori,
1285 1634 1362 1676 aut
1382 1624 1543 1691 quaestui
1566 1624 1652 1674 illis
1669 1625 1764 1688 estis
1781 1642 1804 1676 .-

295 1704 353 1755 ύ·
374 1704 472 1770 quia
489 1705 533 1754 in
553 1705 770 1755 concordia
786 1705 977 1754 ordinum
998 1704 1129 1754 nullos
1139 1707 1192 1770 se
1213 1706 1381 1771 usquam
1411 1703 1488 1769 effe
1506 1704 1669 1766 vident,
1703 1719 1802 1753 ma-

296 1780 343 1831 la
380 1783 443 1830 rei
464 1784 530 1849 se,
564 1784 694 1849 quam
731 1783 899 1847 nullius,
933 1782 1154 1833 turbarum
1192 1798 1242 1831 ac
1262 1783 1536 1849 seditionum,
1571 1781 1692 1831 duces
1726 1781 1804 1849 ff

295 1856 464 1919 volunt.
532 1860 728 1924 „Quarum
749 1871 892 1906 rerum
903 1857 948 1923 st
968 1874 1050 1908 vos
1083 1858 1247 1908 taedium
1278 1858 1450 1908 tandem
1478 1868 1631 1924 capere
1643 1857 1801 1924 potest,

297 1933 355 1986 ίτ
372 1942 549 1999 patrum
569 1933 802 2001 vestrosque
817 1937 1005 2002 antiquos
1022 1950 1160 1984 mores
1183 1934 1316 1984 vultis
1326 1946 1410 2002 pro
1427 1932 1492 1983 his
1518 1934 1644 1983 novis
1648 1935 1800 2000 ficme-

297 2024 366 2073 re,
399 2009 511 2058 nulla
522 2010 737 2077 stipplicia
756 2012 910 2076 recuso,
959 2010 1038 2075 nist
1044 2012 1195 2077 paucis
1215 2010 1354 2061 diebus
1376 2011 1448 2059 hos
1457 2009 1728 2077 populatores
1747 2002 1801 2060 ass

287 2101 471 2154 grorum
501 2086 733 2149 nostrorum
743 2088 866 2153 fusos
888 2088 1141 2155 fugatosque
1161 2087 1309 2152 castris
1332 2103 1498 2150 exuero,
1534 2088 1587 2137 ό·
1612 2089 1643 2136 ἃ
1656 2088 1801 2154 portis

292 2159 447 2223 nostris
471 2160 740 2227 moenibusque
768 2162 826 2209 ad
859 2162 1025 2212 illorum
1055 2162 1175 2212 urbes
1197 2164 1304 2214 hunc
1337 2161 1434 2213 belli
1459 2170 1685 2228 terrorem,
1719 2178 1802 2231 quo
1850 2228 1857 2232 ·

289 2252 403 2287 nunc
426 2252 506 2292 vos
527 2237 700 2286 attoniti
719 2236 829 2300 estis,
866 2238 1133 2302 transtulero.

359 2318 559 2365 LXIX.
595 2318 730 2365 Rarb
751 2316 867 2365 alias
892 2317 1079 2368 tribuni
1113 2316 1362 2386 popularis
1396 2315 1558 2368 oratio
1581 2316 1798 2383 accepti-

288 2406 352 2443 οι·
373 2392 525 2461 plebi,
559 2399 707 2460 quam
731 2402 848 2443 tunc
888 2392 1169 2445 severiffimi
1191 2394 1418 2459 consulis,
1453 2394 1567 2443 fuit.
1603 2396 1797 2459 Juven-

293 2483 373 2523 tus
395 2488 608 2538 quoque,
641 2488 748 2537 quae
771 2474 898 2522 inter
922 2473 1039 2522 tales
1061 2483 1219 2525 metus
1243 2471 1644 2524 detraaationem
1665 2472 1797 2523 mili-

240 2567 248 2575 ”
294 2549 395 2615 tiae,
428 2551 581 2601 telum
602 2551 899 2600 acerrimum
923 2550 1153 2601 adversus
1177 2554 1358 2616 Patres,
1377 2550 1556 2600 habere
1575 2549 1716 2601 solita
1744 2565 1798 2599 e·

245 2645 252 2656 ἵ
296 2636 390 2689 rat,
424 2642 558 2676 arma
580 2626 630 2676 &
653 2626 835 2676 bellum
860 2625 1136 2702 speaabat:
1173 2628 1222 2678 δι
1245 2628 1502 2694 agrestium
1541 2627 1658 2692 fuga
1682 2625 1796 2694 spo-

294 2700 501 2767 liatique
522 2705 573 2752 in
594 2704 720 2767 agris
744 2705 794 2754 &
817 2704 1081 2769 vulnerati,
1116 2704 1323 2754 foediora
1353 2706 1428 2768 iis,
1463 2720 1569 2771 quae
1593 2702 1794 2766 subjici-

298 2776 508 2828 ebantur
536 2780 706 2843 oculis,
739 2781 1043 2845 nuncianteS,
1079 2791 1237 2830 totam
1259 2782 1430 2831 urbem
1458 2782 1531 2830 ira
1553 2780 1794 2847 impleve-

235 2883 238 2886 ·
297 2869 370 2905 re.
416 2857 474 2903 In
498 2852 714 2905 senatum
734 2855 821 2905 ubi
840 2859 1046 2906 ventum
1069 2858 1150 2923 est,
1186 2858 1256 2907 ibi
1279 2863 1402 2908 verb
1424 2859 1476 2907 in
1487 2855 1796 2921 *Quinfflum

293 2945 467 2980 omnes
489 2930 629 2993 verfi,
652 2941 709 2981 ut
728 2948 883 2981 unum
905 2932 1156 2982 vindicem
1176 2934 1437 2998 majestatis
1461 2936 1695 2982 Romanae
1714 2930 1792 2978 in-

293 3006 455 3072 tueri?
489 3005 542 3058 ἃ
560 3005 800 3079 primores
837 3009 1038 3062 Patrum
1057 3010 1230 3082 dignam
1253 3010 1414 3064 dicere
1452 3008 1684 3060 concionem
1705 3006 1793 3053 im-

659 3113 674 3118 -
1656 3093 1791 3152 perio
