2092 3734
749 281 1094 336 LIBER
1152 282 1279 335 VII
1436 333 1443 337 ,
1645 294 1766 362 433*

249 366 324 425 bec
345 372 482 422 lucem
502 372 633 440 quieti
652 375 943 445 opperiamur.
982 368 1137 425 'Dictis
1158 366 1570 440 obtemperatum.
1604 381 1766 442 atque

253 451 346 499 ubi
369 452 584 517 primum
607 452 788 516 illuxit,
821 451 1066 518 praemiss'o
1104 449 1287 500 nuncio
1309 449 1373 499 ad
1412 450 1661 501 consulem
1701 454 1760 504 in'

255 527 426 589 castra,
461 527 651 592 ingenti
671 526 852 592 gaudio
876 522 1189 577 comitantur
1210 544 1223 575 ε
1260 527 1327 590 ἀ,
1345 524 1511 575 ῑεῐῖετὲ
1528 527 1692 591 data,
1676 545 1755 578 in-

254 605 478 654 columes
516 608 719 670 reverti,
752 606 837 672 qui
871 605 956 655 sua
992 621 1204 672 corpora
1232 619 1324 671 pro
1346 603 1499 668 salute
1531 608 1758 659 omnium

255 680 391 731 haud
415 683 569 733 dubio
602 684 823 751 periculo
847 681 1150 746 objecissent,
1188 697 1280 749 pro
1304 683 1352 730 se
1382 681 1586 747 quisque
1609 684 1760 734 obvi-

256 763 341 809 am
377 758 511 809 effusi
548 762 763 825 laudant,
797 763 1120 826 gratulantur,
1156 759 1366 824 ling-ulos
1405 761 1766 827 universosque

258 835 537 888 servatoies
574 839 688 889 suos
723 849 937 889 vocant:
973 838 1083 887 Diis
1104 836 1271 886 laudes
1294 837 1550 903 gratesque
1585 848 1760 904 agunt,

258 914 476 965 Decium
499 917 551 966 in
574 917 749 965 coelum
777 915 961 965 ferunt.
1031 915 1129 964 Hic
1154 916 1297 964 Decii
1320 914 1561 964 castrenfis
1584 917 1762 966 trium-

258 992 388 1058 phus
410 991 522 1057 fuit,
536 990 811 1042 incedentis
834 1007 920 1058 per
935 990 1100 1040 media
1122 990 1273 1040 castra
1291 1000 1410 1039 cum*
1423 1003 1613 1043 armato
1634 1009 1770 1060 prae-·

255 1066 396 1130 fidio,
433 1066 703 1131 conjectis
689 1084 741 1117 in
765 1082 879 1116 eum
903 1068 1132 1118 omnium
1155 1066 1324 1129 oculis»,
1362 1066 1412 1117 ἃ
1434 1070 1572 1117 omni
1596 1068 1762 1119 hono-

252 1158 310 1194 re
345 1146 601 1195 tribunum
637 1144 826 1195 consoli
861 1145 1186 1210 aequantibus.
1255 1144 1354 1193 Ubi
1389 1144 1451 1193 ad
1473 1147 1764 1211 praetorium

253 1233 466 1272 ventum
487 1223 569 1287 est,
607 1224 778 1274 consul
814 1223 1007 1272 claffico
1046 1223 1109 1272 ad
1147 1223 1441 1272 concionem
1467 1225 1764 1274 convocat.

255 1299 493 1367 orsusque
530 1303 727 1351 meritas
767 1301 911 1350 Decii
945 1299 1127 1362 laudm,
1163 1301 1428 1349 interfante
1450 1301 1558 1367 ipso
1583 1302 1763 1367 Decio,

256 1377 444 1430 distulit
460 1380 784 1429 concionem:
803 1380 888 1444 qui
909 1377 1081 1428 anaor
1096 1379 1265 1427 omnia
1285 1378 1621 1445 posthabendi,
1641 1379 1765 1431 dum

256 1458 452 1508 occasio
474 1460 526 1508 in
549 1458 775 1507 manibus
799 1456 930 1520 esset,
966 1457 1179 1523 perpulit
1209 1456 1474 1520 consulem,
1506 1468 1564 1506 ut
1587 1459 1762 1523 hostes,

257 1537 311 1586 Bt
333 1537 579 1586 nocturno
603 1550 791 1602 pavore
825 1534 1083 1597 attonitos,
1120 1533 1170 1581 δι
1194 1533 1324 1582 eirca
1346 1534 1524 1583 collem
1548 1532 1766 1585 castella-c

256 1615 352 1666 tim
362 1613 638 1687 diffipatos‚
683 1612 1072 1678 aggrederetur.
1088 1611 1282 1660 credere
1302 1612 1451 1660 etiarn
1474 1613 1682 1678 aliqum,
1701 1613 1768 1666 ad

258 1689 309 1740 se
332 1689 629 1755 sequendum
651 1689 859 1754 emiffoe,
895 1703 983 1756 per
1012 1688 1188 1736 saltum
1210 1688 1403 1752 vagari.
1471 1687 1614 1753 Juss‘ae
1638 1691 1764 1756 legi·

260 1783 381 1819 ones
405 1782 543 1818 arma
576 1783 780 1834 capere.
818 1766 1107 1831 egreffaeque
1144 1765 1321 1828 castrig
1356 1780 1508 1830 quum
1544 1780 1634 1832 per
1672 1782 1763 1817 ex-

261 1846 534 1914 ploratores
554 1848 723 1896 notior
741 1847 845 1910 jam
871 1845 1016 1894 saltus
1033 1845 1164 1907 ess'et,
1188 1844 1274 1892 via
1296 1845 1572 1909 patentiore
1595 1845 1656 1896 ad
1675 1847 1768 1896 ho-

258 1924 380 1975 stem
424 1926 689 1975 ducuntur.
750 1939 899 1990 quem
942 1924 1199 1973 incautum
1243 1922 1517 1988 improviso
1559 1923 1763 1990 adortae,

160 1998 173 2009 '
228 2000 235 2009 “
260 2017 415 2069 quum
438 2003 586 2077 palati
613 2001 781 2069 pallini
820 2003 1115 2053 Samnitium
1153 2001 1349 2064 militeS,
1384 2000 1644 2067 plerique
1632 2020 1764 2055 mer-⁴

259 2095 377 2143 meS,
412 2096 502 2130 nec
525 2083 658 2132 coire
682 2082 734 2130 in
756 2095 929 2144 unum,
964 2092 1055 2130 nec
1078 2093 1216 2129 arma
1237 2095 1427 2146 capere,
1462 2095 1552 2128 nec
1576 2084 1764 2150 recipe-

260 2174 317 2210 re
340 2161 468 2210 intra
490 2161 676 2210 vallum
705 2160 752 2208 se
776 2161 982 2226 poss'cnt,
1006 2168 1272 2226 paventem
1296 2159 1548 2225 primurn
1535 2175 1585 2207 1n
1610 2162 1765 2212 castra

261 2238 600 2305 compellunt:
635 2238 814 2288 deinde
853 2238 1005 2287 castra
1038 2236 1160 2304 ipsa,
1204 2236 1413 2285 turbatis
1447 2237 1758 2304 stationibus,

259 2318 485 2384 capiunt.
553 2315 802 2367 Pei-fertur
824 2317 954 2365 circa
977 2316 1156 2365 collem
1180 2314 1401 2373 elamor3
1434 2314 1671 2381 fugatque
1695 2332 1765 2369 ex

256 2396 355 2447 suis
381 2410 621 2462 quemque
655 2392 903 2461 praefidiis.
940 2395 1011 2444 ita
1046 2408 1228 2457 magna
1260 2407 1372 2459 pars
1410 2392 1761 2447 absenti-hosti

255 2474 409 2524 ceffit.
445 2482 569 2537 quos
609 2473 961 2528 intra,va11um
998 2481 1167 2536 egerat
1202 2486 1379 2538 pavor,
1411 2471 1569 2535 (fuere
1592 2486 1761 2529 autem

256 2549 323 2600 ad
346 2551 549 2613 triginta
570 2550 744 2614 millia)
767 2565 938 2600 omnes
959 2549 1094 2610 caefi3
1130 2549 1280 2599 castra
1302 2548 1513 2616 direpta.

327 2630 610 2677 XXXVII.
646 2630 725 2677 Ita
762 2628 906 2678 rebus
942 2627 1099 2693 gelih,
1135 2627 1322 2691 consul,
1356 2627 1599 2677 advocata
1632 2646 1758 2683 con·
1837 2670 1842 2679 ,

259 2706 422 2769 tione,
459 2707 513 2754 P.
539 2706 683 2756 Decii
708 2722 811 2756 non
836 2718 1018 2774 coeptas
1042 2706 1203 2756 solum
1226 2713 1352 2770 ante,
1388 2705 1470 2755 sed
1490 2709 1763 2759 cumulatas

258 2785 398 2836 nova
431 2785 618 2837 virtute
653 2785 820 2836 laudes
852 2786 1080 2853 -perag'itz
1118 2785 1183 2848 ἃ,
1218 2795 1393 2851 praetcr
1412 2785 1643 2834 militaria
1664 2787 1762 2837 alia

246 2862 410 2933 piena,
444 2863 593 2911 aurea
612 2863 801 2913 corona
821 2875 950 2920 eum
971 2865 1021 2914 δε
1045 2874 1244 2912 centum
1266 2861 1443 2926 bubus,
1468 2863 1759 2929 eximioque

258 2955 366 2989 uno
389 2939 505 2987 albo
530 2938 703 3006 opimo
726 2944 906 2992 auratis
938 2942 1187 3004 cornibm,
1210 2939 1384 2995 donat.
1432 2941 1653 3006 Milites,
1670 2941 1760 3008 qui

259 3020 314 3068 in
338 3015 559 3084 praefidio
583 3017 720 3066 simul
752 3019 963 3084 fuerant,
998 3020 1185 3087 duplici
1219 3019 1468 3070 frumento
1503 3009 1563 3069 in
1583 3037 1758 3089 perpe-

258 3106 423 3166 tuum,
459 3096 512 3148 in
542 3094 797 3166 praesentia
821 3098 1202 3218 fingulispllffubus
1236 3098 1459 3168 binisque
1491 3101 1649 3170 privis
1681 3113 1760 3150 m·-

1632 3167 1756 3220 nicis

1138 3310 1144 3337 l
