2092 3734
283 132 460 217 ‘ssi‘
799 152 1258 208 ·1·.Lrv11

282 244 437 295 mitus
467 240 779 309 hinnitusque
810 257 1069 308 equorum,
1115 240 1219 308 qui,
1269 237 1321 290 ἃ
1352 234 1549 289 insueto
1577 233 1779 291 sedente

283 321 466 386 equite,
499 322 551 372 a:
593 320 790 387 insuper
833 334 972 370 autes
1007 320 1226 383 agitante
1263 316 1443 380 sonitu,
1488 315 1776 394 saeviebant,

283 398 501 450 intentos
523 400 662 448 velut
680 398 744 449 ad
764 398 1006 464 impetum
1028 396 1239 446 hostiurn
1259 393 1436 446 tenuit

352 478 520 526 va.
554 475 652 525 Ubi
690 475 872 538 iunxit,
929 476 1202 535 Romanus,
1250 472 1441 536 integer
1478 467 1779 535 satiatusque

283 548 461 604 somno
496 551 757 619 produstus
794 552 847 600 in
883 551 1060 614 aciem,
1093 546 1266 599 fessum
1297 547 1464 599 stando
1506 547 1558 597 8(
1590 547 1780 611 vigiliis

286 627 525 690 Volscum
562 630 724 696 primo
760 629 951 694 impetu
985 627 1211 694 perculit.
1279 639 1563 691 quanquam
1600 623 1781 674 ceffere

282 705 458 769 magis,
490 711 637 771 quarn
659 705 778 772 pulsi
801 704 956 760 hostes
979 702 1116 754 sunt.
1152 703 1269 768 quia
1283 703 1348 752 ab
1370 712 1513 767 tergo
1535 711 1674 751 erant
1689 700 1779 749 cli

286 780 361 843 vi,
395 782 448 829 in
470 796 594 845 quos
626 782 731 848 post
765 780 1007 847 principia
1038 780 1240 845 integris
1269 778 1522 830 ordinibus
1545 788 1679 829 tutus
1700 794 1779 829 re·

286 867 459 923 ceptus
481 856 592 908 suit.
664 856 865 920 Consul,
897 857 984 907 ubi
1017 857 1083 907 ad
1119 857 1345 922 iniquum
1381 856 1549 908 locum
1571 868 1783 926 ventum

287 934 373 998 est,
406 933 520 983 sistit
540 936 716 997 aciem.
780 935 921 985 miles
944 938 1069 999 κει-ὲ
1098 935 1269 997 teneri,
1303 933 1513 983 clamare
1535 931 1585 982 ἃ
1608 933 1781 1002 posce·

286 1024 360 1075 re,
391 1020 449 1059 ut
470 1011 694 1077 percuisis
715 1011 887 1061 instare
906 1012 1067 1061 liceat.
1138 1011 1370 1061 Ferocius
1390 1020 1543 1075 agunt
1564 1011 1750 1075 equites
1764 1028 1783 1063 ε

286 1086 565 1137 circumfusi
604 1089 716 1137 duci
770 1087 1128 1154 vociferantur,
1177 1085 1225 1136 se
1263 1097 1377 1135 ante
1427 1085 1558 1150 signa
1600 1086 1780 1139 ituros.

286 1164 429 1219 Dum
462 1165 715 1214 cunstatur
753 1163 939 1226 consul,
972 1165 1160 1214 virtute
1203 1163 1417 1220 militum
1459 1161 1627 1226 fretus,
1662 1163 1781 1213 loco

289 1231 467 1307 parum
504 1240 675 1305 fidens,
720 1242 1044 1304 conclamant,
1092 1241 1141 1291 se
1181 1242 1366 1291 ituros:
1417 1240 1783 1309 clamoremque

288 1328 367 1369 res
395 1316 462 1364 est
485 1315 665 1366 secuta.
734 1318 872 1367 Fixis
893 1318 945 1367 in
979 1328 1159 1366 terram
1181 1317 1310 1383 pilis,
1340 1319 1439 1382 quo
1470 1315 1684 1367 leviores
1701 1330 1783 1367 ar-

288 1392 388 1446 dua
409 1393 691 1457 evaderent,
724 1393 868 1444 cursu
891 1394 1117 1445 subeunt.
1152 1393 1379 1456 Volscus,
1404 1392 1570 1443 'effusis
1596 1392 1657 1444 ad
1679 1395 1784 1461 pri-

290 1482 430 1519 mum
452 1470 693 1536 impetum
713 1469 965 1522 missiiibus
984 1471 1108 1533 telis,
1143 1468 1260 1521 saxa
1280 1469 1557 1533 objacentia
1578 1470 1786 1538 pedibus

292 1544 473 1609 ingerit
516 1546 570 1596 in
601 1545 875 1613 subeuntes,
916 1546 1238 1614 turbatosque
1268 1546 1442 1598 imbus
1480 1546 1660 1598 crebris
1696 1564 1784 1598 ur·

289 1634 412 1687 guet
445 1638 510 1673 ex
542 1623 792 1693 superiore
813 1626 946 1677 loco.
1016 1626 1094 1676 Sic
1116 1641 1272 1694 prope
1298 1635 1557 1675 oneratum
1579 1626 1643 1675 est
1669 1626 1786 1676 fini·
1848 1615 1851 1620 ¹

290 1700 442 1751 strum
477 1702 712 1753 Romanis
750 1718 923 1767 cornu,
969 1704 1021 1753 ni
1072 1702 1392 1754 referentibus
1427 1702 1532 1768 jam
1575 1703 1786 1768 gradum

290 1776 478 1841 consul,
512 1778 812 1846 increpando
851 1778 990 1829 fimul
1023 1780 1367 1842 temeritatem,
1410 1778 1550 1829 simul
1586 1780 1785 1845 ignavi-

289 1867 390 1915 am,
424 1852 613 1919 pudore
641 1864 830 1903 metum
861 1853 1148 1904 excuffisset.
1216 1855 1449 1904 Restitere
1488 1855 1651 1922 primo
1689 1856 1785 1907 ob-

288 1928 473 1979 stinatis
506 1932 713 1981 animis:
749 1931 941 1996 deinde,
973 1942 1031 1981 ut
1071 1932 1123 1982 in
1147 1932 1426 1982 obtinentes
1462 1931 1629 1982 locum
1650 1935 1785 1985 vires

289 2002 531 2071 serebant,
576 2006 759 2057 audent
791 2007 923 2057 ultro
962 2006 1170 2072 gradum
1209 2008 1419 2069 inferre3
1470 2008 1537 2072 &,
1571 2008 1787 2061 elamore

289 2093 553 2147 renovato,
576 2094 900 2134 commovent
920 2086 1094 2135 aciem.
1151 2095 1258 2136 tum
1277 2083 1458 2147 rursus,
1491 2084 1682 2153 impetu
1704 2101 1787 2137 ca·

290 2167 397 2225 pto,
447 2160 717 2223 enituntur,
771 2170 922 2227 atque
965 2159 1264 2229 exsuperant
1307 2157 1620 2226 iniquitatem
1662 2161 1787 2212 loci.

290 2234 405 2299 Jarn
441 2239 597 2303 prope
629 2247 754 2300 erat,
783 2248 842 2285 ut
875 2236 927 2288 in
963 2236 1213 2289 summum
1245 2236 1367 2286 clivi
1389 2236 1573 2302 jugum
1601 2237 1786 2287 e'vade-

289 2321 417 2373 rent,
452 2326 605 2376 quum
632 2324 771 2376 terga
797 2314 956 2365 hostes
982 2313 1186 2363 dedere.
1222 2311 1473 2380 effusoque
1495 2312 1638 2363 cursu
1660 2317 1788 2381 pene

289 2388 484 2450 agmine
507 2403 607 2438 uno
629 2388 871 2452 fugientes
895 2388 1243 2454 sequentesque
1265 2390 1427 2441 eastris
1448 2388 1679 2439 incidere.
1721 2392 1788 2442 Iu

289 2455 353 2512 'eo
377 2478 563 2528 pavore
597 2464 747 2515 castra
785 2466 1064 2531 capiuntur.
1131 2466 1221 2532 qui
1249 2453 1545 2517 Volscorurn
1566 2465 1789 2530 effugere

289 2548 575 2607 potuerunt,
613 2540 822 2590 Antium
854 2552 1044 2608 petunt.
1115 2541 1322 2590 Antium
1345 2541 1395 2591 dt
1418 2545 1669 2591 Romanus
1690 2556 1781 2593 ex-

288 2615 468 2663 ercitus
488 2613 689 2665 duthm-
677 2635 708 2666 :.
725 2631 912 2683 paucos
931 2614 1291 2668 circmnseffmn
1314 2614 1415 2669 dies
1438 2617 1646 2681 deditur,
1669 2617 1785 2667 nul-

290 2689 338 2740 la
361 2685 770 2756 oppugnantium>
787 2692 922 2742 nova
944 2692 1000 2741 vi
1021 2711 1035 2752 3
1069 2691 1153 2741 sed
1188 2690 1324 2756 quod
1351 2692 1455 2756 jam
1484 2692 1597 2744 inde
1612 2693 1683 2745 ab
1705 2694 1783 2748 in-

288 2763 423 2826 felici
441 2781 608 2837 pugna
640 2765 896 2837 castrisque
918 2766 1092 2824 amiffis
1112 2767 1391 2821 ceciderant
1411 2770 1585 2821 animi.

1451 2918 1788 3006 {ABER
