2092 3734
279 232 348 291 46
796 211 1249 275 T.L1v11‘

282 312 459 365 Tullio
493 326 678 362 nomen
708 313 822 376 fuit,
850 304 998 377 caput
1027 308 1180 359 arfiffe
1211 294 1375 358 seruiit
1414 304 1687 366 multorum
1724 302 1776 353 in

277 387 563 455 conspetstu.
633 388 851 436 Plurimo
884 387 1043 449 igitur·
1069 385 1282 433 clamore
1303 381 1415 431 inde
1444 380 1505 429 ad
1538 389 1683 428 tantae
1706 377 1778 426 rei

276 462 576 516 miraculum
610 474 723 512 orto
759 461 951 511 excitos
965 474 1119 524 reges.
1172 459 1221 507 &
1244 472 1397 523 quum
1421 454 1619 520 quidam
1636 453 1780 501 fami·

277 540 486 593 -liarium
509 553 688 603 aquam
720 538 783 587 ad
812 534 1204 601 restinguendum
1232 535 1395 596 ferret,
1422 532 1485 580 ab
1508 531 1676 593 regina
1707 542 1784 576 re-

285 627 507 667 tentum:
545 614 810 679 sedatoque
833 631 942 665 eam
966 613 1195 675 tumultu,
1224 610 1419 660 moveri
1440 607 1642 657 vetuisse
1666 620 1786 673 pue-

286 710 428 754 rum;
464 693 622 742 donec
651 692 736 741 sua
765 690 937 758 sponte
973 688 1281 757 experrestus
1314 685 1444 734 esset.
1513 686 1644 733 Mox
1673 696 1789 732 cum

287 771 465 822 somno
484 769 533 818 ἃ
554 762 805 817 flammam
821 765 1004 815 abiisse.
1076 769 1214 815 Tum
1231 761 1439 812 abdusto
1462 762 1513 810 in
1551 759 1789 809 sec-retum

287 848 406 896 ‘viro
441 843 707 908 Tanaquil,
745 844 897 892 Viden’
927 852 975 893 tu
989 854 1173 909 puerum
1189 840 1309 902 hunc,
1344 838 1519 904 inquit,
1553 853 1672 905 quem
1695 843 1790 883 tam

288 920 442 971 humili
464 919 576 968 cultu
598 919 817 967 educamus
830 918 857 965 ?
914 919 1032 965 Scire
1056 914 1294 979 licetshzmc
1316 914 1455 963 lumen
1485 913 1689 979 quondam
1718 927 1790 960 re-

293 999 370 1047 bus
395 995 544 1059 nostris
566 994 699 1043 dubiis
711 984 933 1063 futurum,
966 993 1283 1059 praefidt'umque
1308 992 1433 1056 regiae
1453 989 1628 1051 affliHae.
1680 1000 1790 1055 pro-

292 1073 392 1123 inde
414 1072 637 1120 materiem
661 1071 840 1137 ingentis
866 1069 1033 1137 public?
1054 1069 1355 1134 privatimque
1390 1066 1546 1114 decoris
1579 1065 1692 1113 omni
1725 1064 1793 1113 in-

293 1148 510 1216 dulgentid
543 1146 682 1210 nostrd
713 1147 967 1195 nutriamus.
1038 1145 1160 1194 Inde
1188 1159 1395 1211 puerum
1432 1142 1642 1192 liberum
1679 1142 1795 1190 loco

295 1233 514 1290 coeptum
549 1222 733 1285 haberi,
768 1221 1045 1287 erudirique
1074 1222 1273 1285 artibu5‚
1315 1219 1489 1285 quibus
1518 1218 1711 1282 ingenia
1733 1215 1796 1265 ad

298 1314 488 1363 magnae
505 1299 713 1348 fortunae
727 1299 912 1347 cultum
926 1299 1222 1346 excitantur.
1291 1296 1472 1345 Evenit
1489 1295 1644 1359 facile,
1663 1291 1798 1359 quod
1827 1294 1840 1306 “

301 1377 412 1428 Diis
431 1375 568 1424 cordi
591 1374 721 1424 effer.
768 1375 973 1439 Juvenis
992 1375 1144 1424 evafit
1165 1377 1280 1424 vere
1297 1373 1472 1423 indolis
1489 1374 1649 1436 regiae.
1690 1385 1799 1435 nec,

256 1446 263 1451 ’
301 1467 458 1519 quum
495 1461 791 1516 quaereretur
819 1465 967 1514 gener
997 1450 1294 1516 Tarquinio,
1329 1449 1584 1516 quisquam
1617 1452 1803 1498 Roma·
1857 1479 1862 1487 -

302 1544 378 1579 nae
404 1527 678 1591 juventutis
699 1525 796 1575 ulla
816 1535 919 1576 arte
940 1524 1151 1574 conferri
1175 1526 1363 1593 potuit:
1401 1524 1711 1593 filiamqueei
1729 1521 1803 1571 su-

302 1618 387 1654 am
413 1606 522 1652 Rex
546 1601 845 1668 despondit.‚
888 1602 999 1664 Hic,
1033 1617 1328 1667 quacunque
1360 1602 1424 1669 de
1449 1601 1605 1666 causa,
1642 1611 1804 1649 tantus

306 1679 377 1728 illi
401 1680 561 1728 honos
597 1679 790 1728 habitus
829 1676 1023 1727 credere
1051 1679 1283 1746 'prohibet
1317 1679 1455 1728 serva
1477 1689 1648 1727 natum
1671 1691 1803 1740 eum,

308 1769 619 1823 parvumque
657 1754 816 1821 ipsum
857 1753 1067 1804 servisse.
1139 1756 1326 1804 Eorum
1371 1756 1525 1818 magis
1560 1753 1806 1804 sententiae

311 1831 439 1893 sum,
465 1831 565 1895 qui,
594 1832 862 1880 Corniculo
886 1842 1048 1897 capto,
1083 1832 1238 1881 Servii
1271 1832 1445 1893 Tullii,
1472 1833 1557 1897 qui
1587 1833 1818 1899 princeps⁴

310 1908 364 1956 in
387 1908 468 1955 illa
485 1907 606 1954 urbe
629 1906 804 1970 fuerat,
828 1907 1083 1970 gravidam
1106 1908 1219 1957 viro
1236 1907 1398 1958 occiso
1415 1922 1643 1973 uxorem,
1656 1920 1810 1972 quum

312 1984 439 2034 inter
475 1982 684 2048 reliquas
706 1985 924 2050 captivas
947 1985 1147 2048 cognita
1176 1983 1304 2048 effet,
1328 1987 1395 2035 ob
1416 1988 1614 2035 unicam
1634 1982 1811 2033 nobili-

311 2066 467 2108 tatem
501 2059 563 2106 ab
602 2061 772 2122 regina
798 2052 1037 2108 'Romana
1073 2061 1372 2126 prohibitam
1407 2061 1570 2110 ferunt
1608 2060 1812 2110 servitio

314 2145 514 2203 partum
538 2138 710 2184 Romae
745 2134 954 2199 edidiffe,
1001 2137 1148 2185 Prisci
1175 2140 1436 2203 Tarquinii
1468 2137 1636 2188 domo.
1692 2126 1812 2186 Inde

314 2218 458 2259 tanto
500 2208 743 2259 beneficio
789 2211 838 2259 &
872 2211 999 2259 inter
1035 2212 1260 2260 mulieres
1300 2212 1681 2262 familiaritatem
1725 2225 1812 2259 au-

319 2284 461 2348 Ram‘,
507 2285 557 2334 &
594 2300 816 2352 puerum,
850 2296 907 2334 ut
946 2286 998 2335 in
1037 2285 1188 2336 domo
1222 2293 1251 2336 a
1283 2303 1443 2354 parvo
1480 2282 1722 2350 eduEium,
1764 2287 1816 2337 in

321 2361 524 2411 caritate
557 2372 703 2426 atque
738 2364 926 2412 honore
959 2361 1124 2411 fuisse:
1166 2364 1417 2414 fortunam
1454 2365 1639 2427 matris,
1683 2363 1817 2430 quod

321 2437 466 2503 capta
499 2438 657 2502 patria
685 2439 737 2485 in
760 2437 972 2487 hostium
996 2453 1170 2489 manus
1192 2441 1401 2504 venerit,
1438 2450 1495 2490 ut
1517 2439 1656 2489 serva
1678 2449 1821 2489 natus

324 2509 621 2574 crederetur,
659 2511 837 2562 feciss‘e.

394 2588 509 2636 XL.
562 2587 1106 2653 Duodequadragefimo
1144 2590 1298 2642 ferme
1332 2607 1478 2656 anne,
1519 2605 1583 2641 ex
1611 2605 1710 2655 quo
1745 2604 1820 2639 re·

294 2721 305 2727 η
326 2676 477 2727 gnare
499 2672 709 2729 coeperat
733 2664 1050 2729 TarquiniuS,
1076 2682 1176 2715 non
1199 2666 1328 2734 apud
1362 2682 1526 2731 regem
1548 2666 1716 2730 modo,
1742 2665 1822 2715 sed

329 2737 462 2803 apud
485 2739 649 2786 Patres
670 2737 962 2804 plebemque
993 2739 1384 2805 longe'maximo
1407 2744 1594 2792 honore
1629 2742 1824 2791 Servius

331 2813 530 2862 Tullius
564 2824 685 2862 erat.
772 2816 913 2865 Tum
946 2818 1075 2865 Anci
1097 2816 1185 2867 filii
1208 2819 1324 2881 duo,
1357 2818 1439 2867 etfi
1462 2829 1605 2868 antea
1637 2818 1826 2885 semper

332 2902 433 2955 pro·
447 2888 772 2956 indIgniffimo
790 2891 1075 2957 habuerant,
1100 2894 1147 2943 se
1165 2896 1324 2961 patrio
1341 2910 1492 2960 regno
1509 2895 1684 2945 tutoris
1702 2893 1827 2945 frau-

265 3018 279 3034 ‚
332 2960 394 3014 de
431 2965 611 3035 pulsos,
641 2978 846 3032 regnare
887 2971 1061 3022 Romae
1093 2971 1352 3038 advenam,
1392 2986 1495 3025 non
1525 2970 1678 3025 modo
1702 2971 1824 3022 civi·

1738 3058 1823 3110 cae,
