2092 3734
330 225 439 284 πυ
865 227 1405 282 *ianr-2⁷11v
1484 186 1501 193 ’

339 314 545 383 ancipiti
566 315 700 370 malo
732 330 953 384 urgente,
986 325 1016 369 a
1042 320 1216 387 proelio
1250 321 1313 371 ad
1347 332 1512 387 preces
1540 318 1683 384 verfi,
1717 313 1835 372 hine

323 392 643 456 distatorem,
678 394 792 443 hinc
815 394 1063 446 consulem
1087 411 1244 462 orare,
1278 412 1342 446 ne
1371 396 1424 446 in
1457 397 1717 447 occidione
1751 396 1833 445 vi·

340 468 546 519 Roriam
575 483 832 536 ponerent,
867 483 924 521 ut
963 475 1172 522 inermes
1211 435 1261 522 s'e
1289 472 1403 522 inde
1430 472 1570 522 abire
1605 472 1831 523 sinerent.

341 544 425 594 Ab
452 546 650 597 consule
672 547 734 597 ad
757 547 1078 602 diEiatorern
1067 564 1137 598 ire
1153 548 1285 611 juffis
1319 548 1647 613 ignominiam
1668 548 1829 600 infen-

339 621 418 671 sus
457 622 663 674 addidit.
706 627 989 675 Gracchum
1028 626 1252 675 Cloelium
1279 625 1454 675 ducem
1493 623 1832 694 principesque

331 699 459 749 alios
485 700 685 751 vinRos
706 702 769 751 ad
797 701 845 752 se
865 702 1042 752 adduci
1058 702 1220 767 jubet,
1255 703 1442 770 oppido
1470 704 1721 753 Corbione
1743 702 1829 751 d'e-

336 777 477 839 cedi3
513 780 736 845 Sanguinis
752 782 805 846 fi
822 780 1064 847 AEquorum
1096 798 1176 830 non
1211 797 1365 847 egere:
1399 780 1525 829 licere
1557 781 1708 829 abire:
1731 779 1829 843 sed,

327 865 383 905 vt
426 858 691 922 exprimatur
722 859 891 906 tandem
927 858 1136 923 conftffio,
1174 856 1399 922 sabanum
1434 857 1718 924 domitamque
1754 856 1831 924 ff

316 941 515 999 gentem„
537 933 783 1000 subjugum
803 932 1003 983 abitw‘os.
1075 933 1261 982 Tribus
1280 933 1455 983 hastis
1436 949 1613 998 Jugum
1628 929 1710 995 fit,
1734 934 1828 982 hu-

332 1010 402 1060 mi
427 1008 539 1059 fixis
568 1010 772 1096 duabus,
806 1011 1043 1077 superque
1067 1025 1146 1060 eas
1183 1010 1455 1061 transversa
1474 1013 1575 1060 una
1595 1010 1824 1116 deligata.

333 1086 423 1136 sub
446 1087 544 1135 hoe
574 1086 701 1150 jugo
724 1086 935 1136 distator
958 1089 1145 1152 AEquos
1176 1087 1323 1136 milit.

367 1167 599 1213 XXIX.
638 1164 811 1214 Castris
839 1164 1053 1214 hostium
1073 1164 1295 1231 receptis,
1320 1164 1473 1231 plenis
1498 1164 1722 1214 omnium
1744 1179 1821 1215 re-

233 1242 244 1246 “
328 1255 459 1304 rum,
495 1240 673 1303 (nudos
696 1243 827 1291 enim
855 1240 1101 1306 emiserat)
1139 1241 1353 1308 praedam
1382 1257 1580 1291 omnem
1603 1241 1692 1304 suo
1713 1253 1823 1293 tan-

314 1322 439 1367 -tum
461 1317 606 1365 militi
628 1316 761 1368 dedit
777 1336 789 1367 :
805 1317 1117 1367 consularem
1140 1320 1413 1367 exercitum
1431 1316 1685 1385 ipsumque
1702 1334 1824 1368 con·

329 1394 481 1446 sulem
510 1396 779 1462 increpans,
817 1394 1002 1459 carebis,
1037 1397 1216 1461 inquit,
1243 1396 1391 1463 praedae
1420 1405 1564 1463 parte,
1599 1396 1735 1461 miles,
1771 1412 1824 1450 ex

313 1489 374 1524 ‘eo
405 1472 529 1537 hoste,
562 1473 627 1522 cui
645 1478 781 1540 prop?
810 1473 958 1540 praedae
983 1473 1137 1537 suilli.
1207 1474 1260 1523 ἐφ’
1282 1483 1344 1536 tu,
1378 1476 1437 1523 L.
1462 1473 1660 1536 Minuci,
1694 1474 1821 1523 donec

324 1549 577 1617 consttlarem
598 1550 785 1599 animum
804 1550 980 1617 incipias
1002 1549 1167 1613 habere,
1201 1548 1364 1617 legatus
1388 1548 1451 1599 his
1467 1548 1690 1615 legionibus
1704 1561 1819 1617 pra·

316 1629 427 1677 eris.
496 1630 573 1677 Ita
607 1625 655 1676 se
688 1628 938 1677 Minucius
961 1626 1160 1676 abdicat
1187 1626 1457 1690 consulatu,
1487 1625 1733 1692 jussusque
1756 1626 1821 1678 ad

323 1706 601 1758 exercitum
623 1716 806 1755 manet.
876 1705 966 1754 Sed
987 1706 1112 1755 adeo
1134 1716 1240 1755 tum
1264 1696 1474 1772 imperio
1494 1704 1686 1753 meliori
1708 1706 1820 1756 ani-

317 1796 429 1834 mus
451 1782 701 1833 mansuete
724 1784 955 1834 obediens
979 1794 1099 1848 erat,
1133 1794 1189 1833 ut
1205 1783 1432 1834 beneficii
1455 1782 1628 1846 magis,
1664 1788 1816 1849 quam

307 1856 625 1923 ‘ignominiae‚
658 1862 740 1909 hic
763 1861 1008 1910 exercitus
1039 1873 1247 1923 memor,
1283 1859 1334 1909 &
1362 1873 1595 1909 coronam
1619 1874 1817 1913 auream

319 1935 544 1986 distatori
571 1936 749 1986 libram
767 1935 935 2003 pondo
952 1935 1243 1999 decreverit,
1279 1937 1328 1986 Sc
1351 1933 1737 2003 proficiscentem
1760 1950 1814 1984 e·

313 2027 402 2064 um
425 2003 688 2082 patronum
710 2012 1013 2062 salutaverit.
1083 2015 1256 2064 Romae
1282 2018 1313 2063 a
1349 2018 1415 2078 Q
1454 2012 1609 2063 Fabio
1638 2013 1812 2079 praese-

318 2089 398 2141 sto
431 2092 564 2141 urbis
602 2091 794 2142 senatus
837 2090 1031 2141 habitus
1077 2092 1461 2158 triumphantem
1510 2089 1812 2157 Quins'tium,

318 2180 420 2235 qno
444 2170 675 2219 veniebat
696 2170 907 2234 agmine,
942 2169 1114 2218 urbem
1146 2169 1334 2232 ingredi
1352 2166 1503 2231 juffit.
1571 2167 1703 2216 duffl
1725 2184 1813 2218 an-

311 2248 372 2295 ·te'
389 2261 586 2296 currum
609 2247 823 2296 hostium
845 2245 1020 2296 duces:
1057 2245 1289 2294 militaria
1316 2243 1448 2307 signa
1470 2243 1699 2310 praelata:
1736 2244 1812 2294 se·-

316 2333 456 2374 cutus
491 2325 732 2374 exercitus
767 2322 927 2391 praeda
971 2322 1189 2372 onustus,
1258 2321 1428 2388 Epulae
1464 2320 1701 2370 instruftae
1733 2321 1811 2370 di·

315 2399 493 2449 cuntur
516 2398 652 2449 fuisse
686 2410 801 2450 ante
823 2399 1048 2448 omnium
1071 2397 1275 2448 domos:
1311 2393 1654 2463 epulantesque
1689 2411 1806 2447 cum

309 2478 528 2527 carmine
552 2477 838 2543 triumphali
876 2477 928 2525 ἃ
961 2474 1240 2525 solennibus
1269 2473 1412 2538 jociS,
1449 2472 1807 2523 comissantium

311 2553 482 2617 modo,
517 2569 714 2603 currum
737 2553 887 2602 secuti
916 2552 1045 2603 sunt.
1116 2555 1192 2602 Eo
1226 2552 1306 2601 die
1328 2553 1391 2601 L.
1434 2552 1664 2601 Mamilio
1690 2556 1803 2601 Tu·

312 2630 528 2699 sc'ulanO,
564 2629 951 2697 approbantibus
975 2629 1175 2693 cunRiS‚
1211 2630 1384 2679 civitas
1408 2630 1520 2679 data
1542 2630 1627 2679 est.
1672 2633 1811 2680 Con-

292 2708 468 2758 ‘restim
491 2706 541 2755 se
563 2705 770 2757 distator
797 2705 1080 2770 magistratu
1116 2704 1393 2768 abdicasset,
1425 2707 1477 2754 ni
1501 2705 1700 2756 comitia
1724 2709 1807 2757 M.

307 2783 499 2834 Volscii
521 2781 623 2833 falsi
646 2784 772 2834 testis
794 2782 1080 2834 tenuiffent:
1115 2799 1173 2832 ea
1202 2799 1263 2832 ne
1286 2783 1576 2851 impedirent
1597 2784 1805 2848 tribuni,

210 2889 218 2896 ·
310 2861 558 2912 diRatoris
576 2861 763 2913 obstitit
793 2872 970 2912 metus.
1041 2855 1267 2910 V‘olscius
1290 2861 1546 2910 damnatus
1572 2853 1801 2911 'Lanuvi-⁸·
1851 2900 1871 2916 .

302 2929 397 2987 um
429 2939 480 2988 in
503 2936 724 2988 exsilium
753 2938 893 2987 abiit.
964 2936 1223 3004 Qtinfflus
1242 2934 1384 2986 sexto
1402 2937 1595 2987 decimo
1618 2937 1697 2987 die
1720 2937 1799 2986 di-

294 3014 509 3085 natura,
543 3017 595 3070 in
616 3015 703 3072 sex
722 3014 909 3072 menses
931 3015 1151 3087 accepta,
1185 3013 1234 3068 se
1262 3006 1530 3070 abdicavit,
1598 3018 1691 3068 Per
1689 3029 1799 3145 dig:
