2092 3734
811 191 1147 250 LIBER
1213 198 1314 249 m.
1722 201 1808 251 t&

250 331 254 335 .
319 284 554 353 occisum,
588 282 736 337 condi
763 286 1046 352 religiosum
1075 287 1203 360 fnit&
1260 292 1328 352 Q
1371 284 1544 352 Fabio,
1580 287 1643 336 L.
1687 291 1814 339 Cor·

316 365 456 415 nelio
473 363 771 428 consulibus,
807 366 1055 432 principio
1082 366 1200 416 anni
1222 365 1381 415 statim
1407 381 1479 415 res
1500 364 1811 416 turbulentae.

318 441 622 502 Instigabant
656 442 848 510 plebem
881 443 1088 494 tribuni.
1157 443 1340 493 bellum
1375 444 1543 508 ingens
1565 449 1595 492 a
1623 442 1815 493 Volscis

237 529 246 546 *
319 514 374 564 ἃ
401 517 572 580 AEquis
591 520 762 569 Latini
783 530 928 585 atque
957 521 1163 569 Hernici
1188 520 1504 570 nunciabant.
1569 520 1672 584 jam
1709 524 1816 568 Au-

318 592 379 640 tii
405 583 700 644 Volscorum
720 594 942 659 legiones
960 595 1081 645 esse:
1117 597 1169 647 ac
1191 596 1345 663 ipsam
1368 598 1614 649 coloniam
1644 599 1813 661 ingens

320 680 484 719 metus
504 683 608 721 erat
626 671 939 722 defecturam.
965 675 1192 740 aegre'que
1208 676 1523 741 impetratum
1545 675 1815 738 atribunis,

322 755 384 793 ut
405 745 587 797 bellum
608 749 834 814 praeverti
856 748 1083 798 linerent.
1122 749 1355 799 Consules
1374 750 1484 799 inde
1508 750 1673 817 partiti
1698 765 1813 817 pro-

257 863 264 870 ,
324 819 531 871 vincias·
599 824 770 886 Fabiu,
801 835 859 875 ut
881 825 1091 874 Antium
1113 825 1333 887 legiones
1358 826 1574 888 duceret,
1609 825 1812 875 datum:

325 901 578 963 Cornelio,
611 912 669 950 ut
692 904 859 951 Romae
885 901 1107 968 praefidio
1128 900 1276 964 effet3
1310 917 1373 950 ne
1395 917 1493 968 qua
1532 917 1642 969 pars
1665 902 1813 951 hessi·

318 989 425 1038 um,
477 977 563 1040 qui
595 978 770 1042 AEquis
802 993 912 1027 mos
949 987 1072 1042 erat,
1106 977 1170 1027 ad
1213 980 1550 1045 populandum
1596 980 1811 1027 veniret.

314 1054 522 1106 Hernici
548 1055 598 1103 δε
620 1056 788 1104 Latini
807 1054 917 1117 justi
937 1056 1116 1105 milites
1136 1054 1249 1105 dare
1272 1072 1335 1105 ex
1360 1054 1538 1105 foedere
1560 1072 1571 1103 ε
1606 1054 1817 1120 duaeque

313 1140 477 1198 partes
507 1129 756 1180 sociorum
776 1133 829 1180 in
851 1132 1092 1195 exercitu,
1128 1134 1272 1182 tertia
1294 1133 1484 1182 civium
1514 1131 1627 1181 fuit.
1678 1131 1816 1182 Post·

314 1221 466 1271 quam
487 1206 548 1257 ad
570 1206 699 1258 diem
735 1209 1056 1276 prestitutum
1077 1221 1321 1259 venerunt
1359 1208 1497 1270 socii,
1530 1207 1699 1259 consul
1722 1221 1812 1259 ex-

314 1293 393 1334 tra
416 1296 613 1353 portam
639 1290 886 1354 Capenam
921 1286 1072 1336 castra
1106 1286 1255 1337 locat.
1323 1286 1454 1350 inde,
1488 1285 1688 1336 lustrato
1722 1300 1812 1336 ex-

223 1399 232 1406 ,
315 1364 494 1427 ercini,
519 1364 729 1413 Antium
749 1362 1013 1430 profestus,
1046 1364 1179 1414 haud
1200 1364 1372 1430 procui
1394 1362 1582 1430 oppido
1605 1361 1816 1413 stativis-

312 1455 413 1506 que
448 1440 662 1490 hostium
695 1438 931 1490 consedit.
995 1440 1097 1491 Ubi
1125 1456 1277 1506 quum
1311 1440 1499 1505 Volsci,
1533 1441 1650 1507 quia
1683 1455 1812 1490 non·

314 1516 438 1567 dum
473 1517 538 1566 ab
576 1519 748 1582 AEquis
777 1516 982 1567 venisset
1017 1518 1282 1581 exercitiis,
1314 1517 1549 1568 dimicare
1571 1531 1672 1567 non
1693 1517 1811 1582 anfi,

315 1593 733 1659 quemadmodum
769 1595 927 1660 quieti
964 1594 1102 1646 vallo
1141 1594 1190 1644 se
1228 1604 1521 1659 tutarentur,
1554 1606 1812 1661 pararent3

269 1683 276 1684 ’
313 1669 511 1738 Ρδῐὶεῐο
526 1670 607 1721 die
628 1671 823 1735 FabiuS,
859 1686 964 1722 non
986 1672 1284 1739 permixtam
1299 1687 1447 1723 unam
1470 1670 1717 1722 sociorum
1739 1672 1810 1722 ci-

314 1749 573 1814 viumque,
605 1747 688 1798 sed
725 1750 877 1799 trium
914 1750 1214 1822 populorum
1252 1759 1348 1800 trec
1386 1745 1645 1817 separatim
1683 1751 1812 1801 aciei

314 1826 448 1876 circa
474 1826 661 1877 vallum
683 1827 895 1877 hostium
916 1827 1161 1878 instruxit.
1231 1826 1342 1897 Ipse
1364 1837 1469 1878 erat
1489 1825 1674 1878 medius
1696 1842 1811 1878 cum

313 1897 594 1968 legionibus
614 1905 870 1955 Romanis.
938 1905 1053 1955 inde
1079 1904 1268 1971 lignum
1290 1904 1552 1956 observare
1570 1904 1719 1970 juffit,
1753 1911 1815 1956 ut

313 1979 497 2051 'pariter
518 1984 569 2034 δε
591 1982 712 2033 socii
744 1998 851 2034 rem
871 1983 1160 2051 inciperent,
1192 1982 1525 2049 referrentque
1545 1983 1739 2050 pedem,
1772 1981 1810 2033 fi

311 2061 535 2127 receptui
558 2058 820 2111 cecinisset.
876 2061 1065 2126 equites
1093 2061 1213 2110 item
1237 2059 1333 2110 suae
1354 2061 1531 2125 cuique
1554 2061 1680 2127 parti
1701 2059 1811 2127 post

243 2135 254 2144 ’
316 2137 566 2208 principia
599 2139 829 2190 collocat.
895 2140 976 2187 Ita
1010 2136 1251 2187 trifariam
1285 2137 1487 2189 adortus
1526 2137 1676 2187 eastra
1714 2138 1808 2187 cir·

314 2218 605 2268 cumvenit:
640 2217 705 2281 &,
741 2232 896 2283 quum
921 2214 1139 2282 undique
1160 2215 1372 2279 instaret,
1406 2230 1508 2265 non
1530 2213 1811 2265 sustinentes

313 2296 556 2364 impetum
593 2293 802 2345 Volscos
834 2293 971 2342 vallo
1003 2292 1248 2343 detmbat.
1318 2290 1659 2358 Transgressus
1695 2291 1809 2343 inde

309 2374 630 2434 munitiones,
665 2370 896 2439 pavidam
918 2369 1115 2419 turbam
1138 2369 1519 2436 inclinatamque
1547 2370 1598 2420 in
1617 2383 1807 2438 partem

310 2464 464 2499 unam
485 2448 645 2498 castris
668 2447 890 2515 expellit.
960 2445 1081 2495 Inde
1104 2445 1252 2496 effuse
1275 2445 1515 2510 fugientes
1538 2462 1699 2513 eques,
1726 2448 1808 2497 cui

313 2524 542 2591 superare
566 2524 753 2572 vallum
791 2520 921 2572 haud
955 2521 1099 2571 facile
1134 2521 1310 2586 iuerat,
1344 2537 1497 2587 quum
1525 2522 1588 2572 ad
1620 2523 1672 2573 id
1698 2522 1806 2591 spe·

310 2601 474 2652 stator
513 2615 690 2668 pugnae
712 2597 979 2663 adstitisset,
1013 2599 1173 2649 libero
1197 2614 1373 2667 campo
1411 2599 1632 2668 adeptus,
1670 2611 1811 2669 parte

309 2676 534 2728 vistoriae
572 2676 769 2741 fruitur,
802 2676 996 2727 territos
1019 2675 1269 2726 caedendo.
1338 2680 1525 2741 Magna
1559 2678 1611 2729 sc
1643 2679 1697 2728 in
1725 2693 1807 2727 ca-

289 2753 416 2803 stris
439 2754 491 2802 ἃ
529 2763 672 2803 extra
708 2753 1009 2804 munimenta
1046 2753 1199 2803 caedes
1231 2752 1526 2820 fugientium
1559 2755 1689 2806 fuit:
1724 2753 1807 2804 sed

311 2830 475 2897 praeda
496 2830 685 2894 major3
717 2833 833 2896 quia
855 2833 949 2881 vix
985 2846 1123 2880 arma
1144 2829 1308 2882 secum
1341 2831 1511 2883 efferre
1535 2831 1681 2881 hostis
1713 2846 1806 2896 po<

313 2907 429 2954 tuit.
496 2906 778 2978 deletusque
798 2911 1043 2963 exercitus
1064 2908 1211 2978 foret,
1244 2910 1296 2961 ni
1319 2908 1561 2976 fugientes
1583 2907 1713 2956 filvae
1734 2917 1806 2955 te-

312 2981 510 3040 xiffent.
1338 3029 1345 3034 .

285 3077 296 3084 ·
369 3061 376 3066 “
1423 3057 1631 3118 xxm·
1667 3056 1818 3122 Dm.
