<?xml version="1.0" encoding="UTF-8"?>
<!DOCTYPE html PUBLIC "-//W3C//DTD XHTML 1.0 Transitional//EN"
    "http://www.w3.org/TR/xhtml1/DTD/xhtml1-transitional.dtd">
<html xmlns="http://www.w3.org/1999/xhtml" xml:lang="en" lang="en">
 <head>
  <title>
</title>
<meta http-equiv="Content-Type" content="text/html;charset=utf-8" />
  <meta name='ocr-system' content='tesseract 3.04.00' />
  <meta name='ocr-capabilities' content='ocr_page ocr_carea ocr_par ocr_line ocrx_word'/>
</head>
<body>
  <div class='ocr_page' id='page_1' title='image "./historiarumabur03livygoog_0297.png"; bbox 0 0 2092 3734; ppageno 0'>
   <div class='ocr_carea' id='block_1_1' title="bbox 257 260 1845 2723">
    <p class='ocr_par' dir='ltr' id='par_1_1' title="bbox 258 260 1758 798">
     <span class='ocr_line' id='line_1_1' title="bbox 775 260 1755 320; baseline -0.002 -9"><span class='ocrx_word' id='word_1_1' title='bbox 775 263 821 312; x_wconf 85' lang='lat' dir='ltr'>L</span> <span class='ocrx_word' id='word_1_2' title='bbox 855 261 881 310; x_wconf 93' lang='lat'>1</span> <span class='ocrx_word' id='word_1_3' title='bbox 917 261 953 311; x_wconf 87' lang='lat' dir='ltr'><strong>B</strong></span> <span class='ocrx_word' id='word_1_4' title='bbox 988 261 1031 310; x_wconf 83' lang='lat' dir='ltr'>E</span> <span class='ocrx_word' id='word_1_5' title='bbox 1064 260 1111 310; x_wconf 90' lang='lat' dir='ltr'>R</span> <span class='ocrx_word' id='word_1_6' title='bbox 1181 260 1276 310; x_wconf 84' lang='lat' dir='ltr'>lv.</span> <span class='ocrx_word' id='word_1_7' title='bbox 1653 269 1755 320; x_wconf 77' lang='lat'>245</span> 
     </span>
     <span class='ocr_line' id='line_1_2' title="bbox 258 343 1755 414; baseline -0.005 -13"><span class='ocrx_word' id='word_1_8' title='bbox 258 349 407 402; x_wconf 78' lang='lat' dir='ltr'>miffo</span> <span class='ocrx_word' id='word_1_9' title='bbox 438 349 677 414; x_wconf 85' lang='lat' dir='ltr'>exercitu,</span> <span class='ocrx_word' id='word_1_10' title='bbox 711 350 763 399; x_wconf 90' lang='lat' dir='ltr'>in</span> <span class='ocrx_word' id='word_1_11' title='bbox 799 349 974 399; x_wconf 88' lang='lat' dir='ltr'>urbem</span> <span class='ocrx_word' id='word_1_12' title='bbox 1000 346 1209 411; x_wconf 81' lang='lat' dir='ltr'>rediffet,</span> <span class='ocrx_word' id='word_1_13' title='bbox 1243 346 1569 414; x_wconf 79' lang='lat' dir='ltr'>nequicquam</span> <span class='ocrx_word' id='word_1_14' title='bbox 1595 344 1645 396; x_wconf 88' lang='lat' dir='ltr'>in</span> <span class='ocrx_word' id='word_1_15' title='bbox 1681 343 1755 394; x_wconf 82' lang='lat' dir='ltr'>se·</span> 
     </span>
     <span class='ocr_line' id='line_1_3' title="bbox 262 423 1756 494; baseline -0.002 -18"><span class='ocrx_word' id='word_1_16' title='bbox 262 438 390 476; x_wconf 85' lang='lat' dir='ltr'>natu</span> <span class='ocrx_word' id='word_1_17' title='bbox 412 428 476 476; x_wconf 82' lang='lat' dir='ltr'>est</span> <span class='ocrx_word' id='word_1_18' title='bbox 495 427 804 494; x_wconf 80' lang='lat' dir='ltr'>conquestus.</span> <span class='ocrx_word' id='word_1_19' title='bbox 875 425 1059 490; x_wconf 73' lang='lat' dir='ltr'>Insigni</span> <span class='ocrx_word' id='word_1_20' title='bbox 1083 425 1272 489; x_wconf 83' lang='lat' dir='ltr'>magnis</span> <span class='ocrx_word' id='word_1_21' title='bbox 1300 424 1444 473; x_wconf 82' lang='lat' dir='ltr'>rebus</span> <span class='ocrx_word' id='word_1_22' title='bbox 1465 439 1595 475; x_wconf 86' lang='lat' dir='ltr'>anno</span> <span class='ocrx_word' id='word_1_23' title='bbox 1617 423 1756 474; x_wconf 68' lang='lat' dir='ltr'>audi·</span> 
     </span>
     <span class='ocr_line' id='line_1_4' title="bbox 264 501 1757 568; baseline -0.003 -13"><span class='ocrx_word' id='word_1_24' title='bbox 264 516 366 568; x_wconf 73' lang='lat' dir='ltr'>tur,</span> <span class='ocrx_word' id='word_1_25' title='bbox 398 505 520 555; x_wconf 85' lang='lat' dir='ltr'>nihil</span> <span class='ocrx_word' id='word_1_26' title='bbox 568 518 675 555; x_wconf 88' lang='lat' dir='ltr'>tum</span> <span class='ocrx_word' id='word_1_27' title='bbox 713 505 775 555; x_wconf 86' lang='lat' dir='ltr'>ad</span> <span class='ocrx_word' id='word_1_28' title='bbox 818 519 924 554; x_wconf 86' lang='lat' dir='ltr'>rem</span> <span class='ocrx_word' id='word_1_29' title='bbox 972 507 1248 553; x_wconf 78' lang='lat' dir='ltr'>Romanam</span> <span class='ocrx_word' id='word_1_30' title='bbox 1290 502 1531 568; x_wconf 85' lang='lat' dir='ltr'>pertinere</span> <span class='ocrx_word' id='word_1_31' title='bbox 1573 501 1757 566; x_wconf 80' lang='lat' dir='ltr'>visum,</span> 
     </span>
     <span class='ocr_line' id='line_1_5' title="bbox 263 578 1757 649; baseline -0.003 -16"><span class='ocrx_word' id='word_1_32' title='bbox 263 582 397 649; x_wconf 74' lang='lat' dir='ltr'>quod</span> <span class='ocrx_word' id='word_1_33' title='bbox 438 583 877 646; x_wconf 82' lang='lat' dir='ltr'>Karthaginienses,</span> <span class='ocrx_word' id='word_1_34' title='bbox 927 581 1054 630; x_wconf 85' lang='lat' dir='ltr'>tanti</span> <span class='ocrx_word' id='word_1_35' title='bbox 1094 579 1249 629; x_wconf 86' lang='lat' dir='ltr'>hostes</span> <span class='ocrx_word' id='word_1_36' title='bbox 1287 578 1462 642; x_wconf 83' lang='lat' dir='ltr'>futuri,</span> <span class='ocrx_word' id='word_1_37' title='bbox 1506 590 1612 629; x_wconf 86' lang='lat' dir='ltr'>tum</span> <span class='ocrx_word' id='word_1_38' title='bbox 1656 581 1757 647; x_wconf 84' lang='lat' dir='ltr'>pri·-</span> 
     </span>
     <span class='ocr_line' id='line_1_6' title="bbox 260 657 1758 728; baseline -0.005 -17"><span class='ocrx_word' id='word_1_39' title='bbox 260 666 405 710; x_wconf 77' lang='lat' dir='ltr'>mum</span> <span class='ocrx_word' id='word_1_40' title='bbox 453 678 541 728; x_wconf 88' lang='lat' dir='ltr'>per</span> <span class='ocrx_word' id='word_1_41' title='bbox 562 661 819 711; x_wconf 84' lang='lat' dir='ltr'>seditiones</span> <span class='ocrx_word' id='word_1_42' title='bbox 855 659 1129 709; x_wconf 84' lang='lat' dir='ltr'>Siculorum</span> <span class='ocrx_word' id='word_1_43' title='bbox 1162 657 1226 707; x_wconf 85' lang='lat' dir='ltr'>ad</span> <span class='ocrx_word' id='word_1_44' title='bbox 1247 657 1400 724; x_wconf 83' lang='lat' dir='ltr'>partis</span> <span class='ocrx_word' id='word_1_45' title='bbox 1430 657 1628 708; x_wconf 79' lang='lat' dir='ltr'>alterius</span> <span class='ocrx_word' id='word_1_46' title='bbox 1669 673 1758 708; x_wconf 76' lang='lat' dir='ltr'>au.</span> 
     </span>
     <span class='ocr_line' id='line_1_7' title="bbox 267 730 1478 798; baseline -0.004 -11"><span class='ocrx_word' id='word_1_47' title='bbox 267 738 449 787; x_wconf 75' lang='lat' dir='ltr'>xiiiurn</span> <span class='ocrx_word' id='word_1_48' title='bbox 472 741 524 793; x_wconf 84' lang='lat' dir='ltr'>in</span> <span class='ocrx_word' id='word_1_49' title='bbox 545 739 760 789; x_wconf 77' lang='lat' dir='ltr'>siciliam</span> <span class='ocrx_word' id='word_1_50' title='bbox 783 738 1057 787; x_wconf 78' lang='lat' dir='ltr'>exercitum</span> <span class='ocrx_word' id='word_1_51' title='bbox 1087 734 1339 798; x_wconf 86' lang='lat' dir='ltr'>trajecere.</span> <span class='ocrx_word' id='word_1_52' title='bbox 1471 730 1478 735; x_wconf 74' lang='grc'><em>’</em></span> 
     </span>
    </p>

    <p class='ocr_par' dir='ltr' id='par_1_2' title="bbox 257 811 1845 2723">
     <span class='ocr_line' id='line_1_8' title="bbox 284 811 1761 880; baseline -0.001 -17"><span class='ocrx_word' id='word_1_53' title='bbox 284 875 289 880; x_wconf 21' lang='grc' dir='ltr'><em>η</em></span> <span class='ocrx_word' id='word_1_54' title='bbox 340 819 510 864; x_wconf 88' lang='lat' dir='ltr'>XXX.</span> <span class='ocrx_word' id='word_1_55' title='bbox 548 818 802 880; x_wconf 83' lang='lat' dir='ltr'>Agitatum</span> <span class='ocrx_word' id='word_1_56' title='bbox 822 817 875 865; x_wconf 90' lang='lat' dir='ltr'>in</span> <span class='ocrx_word' id='word_1_57' title='bbox 902 816 1022 865; x_wconf 90' lang='lat' dir='ltr'>urbe</span> <span class='ocrx_word' id='word_1_58' title='bbox 1056 813 1122 863; x_wconf 87' lang='lat' dir='ltr'>ab</span> <span class='ocrx_word' id='word_1_59' title='bbox 1146 813 1354 863; x_wconf 82' lang='lat' dir='ltr'>tribunis</span> <span class='ocrx_word' id='word_1_60' title='bbox 1388 811 1559 878; x_wconf 81' lang='lat' dir='ltr'>plebis,</span> <span class='ocrx_word' id='word_1_61' title='bbox 1592 824 1651 862; x_wconf 89' lang='lat' dir='ltr'>ut</span> <span class='ocrx_word' id='word_1_62' title='bbox 1672 813 1761 862; x_wconf 82' lang='lat' dir='ltr'>tri-</span> 
     </span>
     <span class='ocr_line' id='line_1_9' title="bbox 267 891 1764 960; baseline -0.002 -17"><span class='ocrx_word' id='word_1_63' title='bbox 267 892 391 943; x_wconf 89' lang='lat' dir='ltr'>buni</span> <span class='ocrx_word' id='word_1_64' title='bbox 424 895 637 943; x_wconf 88' lang='lat' dir='ltr'>militum</span> <span class='ocrx_word' id='word_1_65' title='bbox 669 893 909 944; x_wconf 84' lang='lat' dir='ltr'>consulati</span> <span class='ocrx_word' id='word_1_66' title='bbox 945 892 1180 960; x_wconf 83' lang='lat' dir='ltr'>potestate</span> <span class='ocrx_word' id='word_1_67' title='bbox 1203 899 1517 951; x_wconf 59' lang='lat' dir='ltr'>crearentun</span> <span class='ocrx_word' id='word_1_68' title='bbox 1547 905 1639 940; x_wconf 88' lang='lat' dir='ltr'>nec</span> <span class='ocrx_word' id='word_1_69' title='bbox 1668 891 1764 940; x_wconf 86' lang='lat' dir='ltr'>ob·</span> 
     </span>
     <span class='ocr_line' id='line_1_10' title="bbox 268 968 1761 1039; baseline 0 -18"><span class='ocrx_word' id='word_1_70' title='bbox 268 974 415 1021; x_wconf 88' lang='lat' dir='ltr'>tineri</span> <span class='ocrx_word' id='word_1_71' title='bbox 437 975 618 1039; x_wconf 80' lang='lat' dir='ltr'>potuit.</span> <span class='ocrx_word' id='word_1_72' title='bbox 690 971 922 1022; x_wconf 84' lang='lat' dir='ltr'>Consules</span> <span class='ocrx_word' id='word_1_73' title='bbox 957 970 1086 1021; x_wconf 81' lang='lat' dir='ltr'>fiunt</span> <span class='ocrx_word' id='word_1_74' title='bbox 1121 973 1183 1020; x_wconf 92' lang='lat' dir='ltr'>L.</span> <span class='ocrx_word' id='word_1_75' title='bbox 1209 968 1430 1036; x_wconf 78' lang='lat' dir='ltr'>Papirius</span> <span class='ocrx_word' id='word_1_76' title='bbox 1455 968 1660 1033; x_wconf 85' lang='lat' dir='ltr'>Craffus,</span> <span class='ocrx_word' id='word_1_77' title='bbox 1694 971 1761 1021; x_wconf 85' lang='lat' dir='ltr'>L.</span> 
     </span>
     <span class='ocr_line' id='line_1_11' title="bbox 267 1045 1761 1115; baseline 0 -19"><span class='ocrx_word' id='word_1_78' title='bbox 267 1048 446 1112; x_wconf 82' lang='lat' dir='ltr'>Julius.</span> <span class='ocrx_word' id='word_1_79' title='bbox 515 1051 789 1115; x_wconf 84' lang='lat' dir='ltr'>AEquorum</span> <span class='ocrx_word' id='word_1_80' title='bbox 823 1049 971 1113; x_wconf 81' lang='lat' dir='ltr'>legati</span> <span class='ocrx_word' id='word_1_81' title='bbox 1005 1047 1163 1098; x_wconf 84' lang='lat' dir='ltr'>foedus</span> <span class='ocrx_word' id='word_1_82' title='bbox 1184 1046 1248 1096; x_wconf 87' lang='lat' dir='ltr'>ab</span> <span class='ocrx_word' id='word_1_83' title='bbox 1285 1045 1454 1095; x_wconf 80' lang='lat' dir='ltr'>senatu</span> <span class='ocrx_word' id='word_1_84' title='bbox 1477 1050 1590 1095; x_wconf 82' lang='lat' dir='ltr'>cum</span> <span class='ocrx_word' id='word_1_85' title='bbox 1613 1045 1761 1113; x_wconf 75' lang='lat' dir='ltr'>petis·</span> 
     </span>
     <span class='ocr_line' id='line_1_12' title="bbox 266 1122 1762 1191; baseline -0.002 -15"><span class='ocrx_word' id='word_1_86' title='bbox 266 1125 387 1188; x_wconf 80' lang='lat' dir='ltr'>sent,</span> <span class='ocrx_word' id='word_1_87' title='bbox 424 1125 475 1175; x_wconf 73' lang='grc' dir='ltr'><strong>ἃ</strong></span> <span class='ocrx_word' id='word_1_88' title='bbox 497 1142 588 1191; x_wconf 85' lang='lat' dir='ltr'>pro</span> <span class='ocrx_word' id='word_1_89' title='bbox 623 1125 804 1175; x_wconf 81' lang='lat' dir='ltr'>foedere</span> <span class='ocrx_word' id='word_1_90' title='bbox 838 1125 1027 1177; x_wconf 86' lang='lat' dir='ltr'>deditio</span> <span class='ocrx_word' id='word_1_91' title='bbox 1051 1125 1387 1186; x_wconf 85' lang='lat' dir='ltr'>ostentaretur,</span> <span class='ocrx_word' id='word_1_92' title='bbox 1424 1122 1645 1173; x_wconf 84' lang='lat' dir='ltr'>inducias</span> <span class='ocrx_word' id='word_1_93' title='bbox 1672 1140 1762 1174; x_wconf 85' lang='lat' dir='ltr'>an-</span> 
     </span>
     <span class='ocr_line' id='line_1_13' title="bbox 257 1198 1762 1271; baseline -0.001 -19"><span class='ocrx_word' id='word_1_94' title='bbox 257 1217 445 1252; x_wconf 87' lang='lat' dir='ltr'>-norum</span> <span class='ocrx_word' id='word_1_95' title='bbox 464 1203 577 1254; x_wconf 69' lang='lat' dir='ltr'>osto</span> <span class='ocrx_word' id='word_1_96' title='bbox 599 1205 1004 1271; x_wconf 80' lang='lat' dir='ltr'>impetraverunt.</span> <span class='ocrx_word' id='word_1_97' title='bbox 1079 1200 1373 1251; x_wconf 83' lang='lat' dir='ltr'>Volscorum</span> <span class='ocrx_word' id='word_1_98' title='bbox 1396 1216 1487 1263; x_wconf 86' lang='lat' dir='ltr'>res,</span> <span class='ocrx_word' id='word_1_99' title='bbox 1513 1198 1657 1267; x_wconf 86' lang='lat' dir='ltr'>super</span> <span class='ocrx_word' id='word_1_100' title='bbox 1677 1217 1762 1251; x_wconf 81' lang='lat' dir='ltr'>ac·</span> 
     </span>
     <span class='ocr_line' id='line_1_14' title="bbox 267 1277 1764 1345; baseline -0.002 -16"><span class='ocrx_word' id='word_1_101' title='bbox 267 1288 461 1345; x_wconf 83' lang='lat' dir='ltr'>ceptam</span> <span class='ocrx_word' id='word_1_102' title='bbox 482 1279 538 1327; x_wconf 90' lang='lat' dir='ltr'>in</span> <span class='ocrx_word' id='word_1_103' title='bbox 555 1279 736 1342; x_wconf 82' lang='lat' dir='ltr'>Algido</span> <span class='ocrx_word' id='word_1_104' title='bbox 759 1277 964 1341; x_wconf 81' lang='lat' dir='ltr'>cladem,</span> <span class='ocrx_word' id='word_1_105' title='bbox 988 1277 1226 1345; x_wconf 84' lang='lat' dir='ltr'>pertinaci</span> <span class='ocrx_word' id='word_1_106' title='bbox 1248 1277 1516 1329; x_wconf 78' lang='lat' dir='ltr'>certamine</span> <span class='ocrx_word' id='word_1_107' title='bbox 1532 1277 1658 1326; x_wconf 84' lang='lat' dir='ltr'>inter</span> <span class='ocrx_word' id='word_1_108' title='bbox 1673 1292 1764 1345; x_wconf 86' lang='lat' dir='ltr'>pa·</span> 
     </span>
     <span class='ocr_line' id='line_1_15' title="bbox 268 1351 1785 1421; baseline -0.001 -16"><span class='ocrx_word' id='word_1_109' title='bbox 268 1355 339 1406; x_wconf 84' lang='lat' dir='ltr'>eis</span> <span class='ocrx_word' id='word_1_110' title='bbox 359 1355 570 1421; x_wconf 87' lang='lat' dir='ltr'>bellique</span> <span class='ocrx_word' id='word_1_111' title='bbox 592 1353 812 1404; x_wconf 65' lang='lat' dir='ltr'>auetores</span> <span class='ocrx_word' id='word_1_112' title='bbox 835 1354 887 1402; x_wconf 92' lang='lat' dir='ltr'>in</span> <span class='ocrx_word' id='word_1_113' title='bbox 904 1353 1068 1418; x_wconf 83' lang='lat' dir='ltr'>jurgia</span> <span class='ocrx_word' id='word_1_114' title='bbox 1090 1353 1140 1403; x_wconf 66' lang='grc' dir='ltr'><strong>ἃ</strong></span> <span class='ocrx_word' id='word_1_115' title='bbox 1164 1351 1423 1404; x_wconf 80' lang='lat' dir='ltr'>seditiones</span> <span class='ocrx_word' id='word_1_116' title='bbox 1447 1352 1607 1403; x_wconf 77' lang='lat' dir='ltr'>vcrsa.</span> <span class='ocrx_word' id='word_1_117' title='bbox 1655 1355 1785 1404; x_wconf 50' lang='lat' dir='ltr'>Une</span> 
     </span>
     <span class='ocr_line' id='line_1_16' title="bbox 269 1429 1763 1499; baseline 0 -16"><span class='ocrx_word' id='word_1_118' title='bbox 269 1429 418 1499; x_wconf 62' lang='lat' dir='ltr'>dique*</span> <span class='ocrx_word' id='word_1_119' title='bbox 439 1433 600 1483; x_wconf 85' lang='lat' dir='ltr'>otium</span> <span class='ocrx_word' id='word_1_120' title='bbox 636 1431 734 1481; x_wconf 82' lang='lat' dir='ltr'>fuit</span> <span class='ocrx_word' id='word_1_121' title='bbox 755 1432 1009 1482; x_wconf 83' lang='lat' dir='ltr'>Romanis.</span> <span class='ocrx_word' id='word_1_122' title='bbox 1079 1433 1267 1495; x_wconf 77' lang='lat' dir='ltr'>Legem</span> <span class='ocrx_word' id='word_1_123' title='bbox 1297 1430 1359 1481; x_wconf 88' lang='lat' dir='ltr'>de</span> <span class='ocrx_word' id='word_1_124' title='bbox 1378 1429 1674 1482; x_wconf 64' lang='lat' dir='ltr'>mulaamm</span> <span class='ocrx_word' id='word_1_125' title='bbox 1697 1447 1763 1483; x_wconf 68' lang='grc' dir='ltr'>ε-</span> 
     </span>
     <span class='ocr_line' id='line_1_17' title="bbox 266 1508 1768 1576; baseline 0.001 -14"><span class='ocrx_word' id='word_1_126' title='bbox 266 1511 551 1563; x_wconf 77' lang='lat' dir='ltr'>stimatione</span> <span class='ocrx_word' id='word_1_127' title='bbox 573 1517 851 1575; x_wconf 82' lang='lat' dir='ltr'>pergratam</span> <span class='ocrx_word' id='word_1_128' title='bbox 873 1508 1080 1575; x_wconf 86' lang='lat' dir='ltr'>populo,</span> <span class='ocrx_word' id='word_1_129' title='bbox 1114 1522 1269 1573; x_wconf 86' lang='lat' dir='ltr'>quum</span> <span class='ocrx_word' id='word_1_130' title='bbox 1290 1509 1355 1560; x_wconf 85' lang='lat' dir='ltr'>ab</span> <span class='ocrx_word' id='word_1_131' title='bbox 1372 1508 1581 1559; x_wconf 86' lang='lat' dir='ltr'>tribunis</span> <span class='ocrx_word' id='word_1_132' title='bbox 1603 1509 1768 1576; x_wconf 72' lang='lat' dir='ltr'>parari</span> 
     </span>
     <span class='ocr_line' id='line_1_18' title="bbox 271 1582 1845 1654; baseline 0.001 -16"><span class='ocrx_word' id='word_1_133' title='bbox 271 1587 493 1638; x_wconf 87' lang='lat' dir='ltr'>consules</span> <span class='ocrx_word' id='word_1_134' title='bbox 514 1587 661 1635; x_wconf 84' lang='lat' dir='ltr'>unius</span> <span class='ocrx_word' id='word_1_135' title='bbox 687 1599 753 1635; x_wconf 90' lang='lat' dir='ltr'>ex</span> <span class='ocrx_word' id='word_1_136' title='bbox 784 1584 997 1649; x_wconf 81' lang='lat' dir='ltr'>collegio</span> <span class='ocrx_word' id='word_1_137' title='bbox 1019 1582 1301 1652; x_wconf 82' lang='lat' dir='ltr'>proditione</span> <span class='ocrx_word' id='word_1_138' title='bbox 1327 1584 1641 1652; x_wconf 76' lang='lat' dir='ltr'>excepiss‘ent,</span> <span class='ocrx_word' id='word_1_139' title='bbox 1675 1587 1770 1654; x_wconf 74' lang='lat' dir='ltr'>ipfi</span> <span class='ocrx_word' id='word_1_140' title='bbox 1838 1638 1845 1643; x_wconf 79' lang='grc'><strong>,</strong></span> 
     </span>
     <span class='ocr_line' id='line_1_19' title="bbox 265 1659 1769 1730; baseline 0.002 -17"><span class='ocrx_word' id='word_1_141' title='bbox 265 1671 747 1730; x_wconf 59' lang='lat' dir='ltr'>praeoccupaverunt</span> <span class='ocrx_word' id='word_1_142' title='bbox 778 1660 924 1710; x_wconf 84' lang='lat' dir='ltr'>ferre.</span> <span class='ocrx_word' id='word_1_143' title='bbox 993 1659 1227 1711; x_wconf 86' lang='lat' dir='ltr'>Consules</span> <span class='ocrx_word' id='word_1_144' title='bbox 1241 1662 1314 1711; x_wconf 77' lang='lat' dir='ltr'>L.</span> <span class='ocrx_word' id='word_1_145' title='bbox 1344 1663 1536 1725; x_wconf 78' lang='lat' dir='ltr'>Sergius</span> <span class='ocrx_word' id='word_1_146' title='bbox 1559 1662 1769 1717; x_wconf 75' lang='lat' dir='ltr'>Fidenas</span> 
     </span>
     <span class='ocr_line' id='line_1_20' title="bbox 272 1739 1770 1808; baseline 0 -17"><span class='ocrx_word' id='word_1_147' title='bbox 272 1742 472 1804; x_wconf 83' lang='lat' dir='ltr'>iterum,</span> <span class='ocrx_word' id='word_1_148' title='bbox 505 1741 684 1791; x_wconf 82' lang='lat' dir='ltr'>Hostus</span> <span class='ocrx_word' id='word_1_149' title='bbox 711 1739 971 1791; x_wconf 81' lang='lat' dir='ltr'>Lucretius</span> <span class='ocrx_word' id='word_1_150' title='bbox 994 1739 1343 1808; x_wconf 73' lang='lat' dir='ltr'>Tricipitinus.</span> <span class='ocrx_word' id='word_1_151' title='bbox 1397 1739 1538 1790; x_wconf 86' lang='lat' dir='ltr'>Nihil</span> <span class='ocrx_word' id='word_1_152' title='bbox 1561 1740 1770 1806; x_wconf 81' lang='lat' dir='ltr'>dignum</span> 
     </span>
     <span class='ocr_line' id='line_1_21' title="bbox 271 1815 1769 1885; baseline 0.001 -16"><span class='ocrx_word' id='word_1_153' title='bbox 271 1815 409 1869; x_wconf 69' lang='lat' dir='ltr'>diem</span> <span class='ocrx_word' id='word_1_154' title='bbox 441 1817 603 1866; x_wconf 66' lang='lat' dir='ltr'>aetum</span> <span class='ocrx_word' id='word_1_155' title='bbox 635 1816 710 1868; x_wconf 71' lang='lat' dir='ltr'>his</span> <span class='ocrx_word' id='word_1_156' title='bbox 744 1815 1046 1866; x_wconf 77' lang='lat' dir='ltr'>consulibus.</span> <span class='ocrx_word' id='word_1_157' title='bbox 1116 1816 1277 1868; x_wconf 78' lang='lat' dir='ltr'>secuti</span> <span class='ocrx_word' id='word_1_158' title='bbox 1316 1831 1403 1868; x_wconf 84' lang='lat' dir='ltr'>eos</span> <span class='ocrx_word' id='word_1_159' title='bbox 1425 1816 1663 1885; x_wconf 85' lang='lat' dir='ltr'>consules,</span> <span class='ocrx_word' id='word_1_160' title='bbox 1697 1823 1769 1870; x_wconf 80' lang='lat' dir='ltr'>A.</span> 
     </span>
     <span class='ocr_line' id='line_1_22' title="bbox 274 1890 1768 1958; baseline 0 -13"><span class='ocrx_word' id='word_1_161' title='bbox 274 1892 533 1945; x_wconf 79' lang='lat' dir='ltr'>cornelius</span> <span class='ocrx_word' id='word_1_162' title='bbox 563 1890 745 1958; x_wconf 79' lang='lat' dir='ltr'>Coss&#39;us,</span> <span class='ocrx_word' id='word_1_163' title='bbox 781 1895 851 1942; x_wconf 90' lang='grc' dir='ltr'>Τ.</span> <span class='ocrx_word' id='word_1_164' title='bbox 876 1891 1138 1957; x_wconf 73' lang='lat' dir='ltr'>Quinstius</span> <span class='ocrx_word' id='word_1_165' title='bbox 1172 1894 1363 1943; x_wconf 81' lang='lat' dir='ltr'>Pennus</span> <span class='ocrx_word' id='word_1_166' title='bbox 1395 1893 1594 1945; x_wconf 87' lang='lat' dir='ltr'>iterum.</span> <span class='ocrx_word' id='word_1_167' title='bbox 1663 1897 1768 1945; x_wconf 87' lang='lat' dir='ltr'>Ve-</span> 
     </span>
     <span class='ocr_line' id='line_1_23' title="bbox 266 1969 1769 2043; baseline 0.004 -25"><span class='ocrx_word' id='word_1_168' title='bbox 266 1970 429 2043; x_wconf 65' lang='lat' dir='ltr'>jentes</span> <span class='ocrx_word' id='word_1_169' title='bbox 450 1971 502 2020; x_wconf 88' lang='lat' dir='ltr'>in</span> <span class='ocrx_word' id='word_1_170' title='bbox 534 1983 708 2032; x_wconf 82' lang='lat' dir='ltr'>agrum</span> <span class='ocrx_word' id='word_1_171' title='bbox 730 1972 1011 2021; x_wconf 85' lang='lat' dir='ltr'>Romanum</span> <span class='ocrx_word' id='word_1_172' title='bbox 1031 1969 1340 2021; x_wconf 65' lang='lat' dir='ltr'>excursiones</span> <span class='ocrx_word' id='word_1_173' title='bbox 1362 1969 1603 2024; x_wconf 86' lang='lat' dir='ltr'>fecerunt.</span> <span class='ocrx_word' id='word_1_174' title='bbox 1670 1974 1713 2022; x_wconf 86' lang='lat' dir='ltr'>F</span> <span class='ocrx_word' id='word_1_175' title='bbox 1713 1989 1769 2024; x_wconf 76' lang='lat' dir='ltr'>a·</span> 
     </span>
     <span class='ocr_line' id='line_1_24' title="bbox 263 2045 1771 2119; baseline -0.001 -18"><span class='ocrx_word' id='word_1_176' title='bbox 263 2062 357 2101; x_wconf 79' lang='lat' dir='ltr'>ma</span> <span class='ocrx_word' id='word_1_177' title='bbox 378 2046 492 2111; x_wconf 83' lang='lat' dir='ltr'>fuit,</span> <span class='ocrx_word' id='word_1_178' title='bbox 525 2045 759 2111; x_wconf 88' lang='lat' dir='ltr'>quosdam</span> <span class='ocrx_word' id='word_1_179' title='bbox 779 2061 845 2097; x_wconf 79' lang='lat' dir='ltr'>ex</span> <span class='ocrx_word' id='word_1_180' title='bbox 880 2047 1192 2098; x_wconf 81' lang='lat' dir='ltr'>Fidenatium</span> <span class='ocrx_word' id='word_1_181' title='bbox 1219 2047 1483 2111; x_wconf 79' lang='lat' dir='ltr'>iuventute</span> <span class='ocrx_word' id='word_1_182' title='bbox 1504 2049 1771 2119; x_wconf 75' lang='lat' dir='ltr'>participes</span> 
     </span>
     <span class='ocr_line' id='line_1_25' title="bbox 272 2121 1768 2191; baseline 0.003 -18"><span class='ocrx_word' id='word_1_183' title='bbox 272 2124 380 2188; x_wconf 80' lang='lat' dir='ltr'>ejus</span> <span class='ocrx_word' id='word_1_184' title='bbox 405 2122 739 2191; x_wconf 84' lang='lat' dir='ltr'>populationis</span> <span class='ocrx_word' id='word_1_185' title='bbox 775 2121 947 2173; x_wconf 71' lang='lat' dir='ltr'>fuisse:</span> <span class='ocrx_word' id='word_1_186' title='bbox 982 2124 1303 2189; x_wconf 77' lang='lat' dir='ltr'>cognitioque</span> <span class='ocrx_word' id='word_1_187' title='bbox 1325 2123 1431 2188; x_wconf 84' lang='lat' dir='ltr'>ejus</span> <span class='ocrx_word' id='word_1_188' title='bbox 1464 2126 1536 2176; x_wconf 85' lang='lat' dir='ltr'>rei</span> <span class='ocrx_word' id='word_1_189' title='bbox 1566 2126 1633 2176; x_wconf 86' lang='lat' dir='ltr'>L.</span> <span class='ocrx_word' id='word_1_190' title='bbox 1659 2130 1768 2177; x_wconf 84' lang='lat' dir='ltr'>Ser·</span> 
     </span>
     <span class='ocr_line' id='line_1_26' title="bbox 268 2196 1769 2267; baseline 0 -17"><span class='ocrx_word' id='word_1_191' title='bbox 268 2203 376 2267; x_wconf 83' lang='lat' dir='ltr'>gie,</span> <span class='ocrx_word' id='word_1_192' title='bbox 411 2199 463 2249; x_wconf 86' lang='lat'>&amp;</span> <span class='ocrx_word' id='word_1_193' title='bbox 489 2203 556 2263; x_wconf 79' lang='lat' dir='ltr'>Q</span> <span class='ocrx_word' id='word_1_194' title='bbox 581 2197 806 2261; x_wconf 78' lang='lat' dir='ltr'>servilio,</span> <span class='ocrx_word' id='word_1_195' title='bbox 841 2198 891 2249; x_wconf 77' lang='grc' dir='ltr'>δε</span> <span class='ocrx_word' id='word_1_196' title='bbox 913 2201 1072 2252; x_wconf 83' lang='lat' dir='ltr'>Mam.</span> <span class='ocrx_word' id='word_1_197' title='bbox 1098 2196 1302 2257; x_wconf 73' lang='lat' dir='ltr'>AEmilio</span> <span class='ocrx_word' id='word_1_198' title='bbox 1335 2198 1579 2265; x_wconf 77' lang='lat' dir='ltr'>permissa.</span> <span class='ocrx_word' id='word_1_199' title='bbox 1639 2201 1769 2265; x_wconf 75' lang='lat' dir='ltr'>Qui·</span> 
     </span>
     <span class='ocr_line' id='line_1_27' title="bbox 269 2272 1770 2341; baseline 0.001 -14"><span class='ocrx_word' id='word_1_200' title='bbox 269 2278 387 2327; x_wconf 83' lang='lat' dir='ltr'>dam</span> <span class='ocrx_word' id='word_1_201' title='bbox 412 2274 597 2324; x_wconf 87' lang='lat' dir='ltr'>Ostiam</span> <span class='ocrx_word' id='word_1_202' title='bbox 618 2273 837 2336; x_wconf 83' lang='lat' dir='ltr'>relegati,</span> <span class='ocrx_word' id='word_1_203' title='bbox 870 2272 1018 2338; x_wconf 75' lang='lat' dir='ltr'>quod,</span> <span class='ocrx_word' id='word_1_204' title='bbox 1053 2288 1142 2323; x_wconf 86' lang='lat' dir='ltr'>cur</span> <span class='ocrx_word' id='word_1_205' title='bbox 1162 2288 1251 2341; x_wconf 80' lang='lat' dir='ltr'>per</span> <span class='ocrx_word' id='word_1_206' title='bbox 1271 2288 1356 2325; x_wconf 85' lang='lat' dir='ltr'>eos</span> <span class='ocrx_word' id='word_1_207' title='bbox 1387 2273 1493 2328; x_wconf 86' lang='lat' dir='ltr'>dies</span> <span class='ocrx_word' id='word_1_208' title='bbox 1517 2281 1549 2325; x_wconf 80' lang='lat' dir='ltr'>a</span> <span class='ocrx_word' id='word_1_209' title='bbox 1571 2276 1770 2329; x_wconf 80' lang='lat' dir='ltr'>Fidenis</span> 
     </span>
     <span class='ocr_line' id='line_1_28' title="bbox 266 2349 1770 2421; baseline 0.001 -20"><span class='ocrx_word' id='word_1_210' title='bbox 266 2350 514 2417; x_wconf 65' lang='lat' dir='ltr'>afui&#39;ss‘ent²</span> <span class='ocrx_word' id='word_1_211' title='bbox 547 2365 723 2421; x_wconf 83' lang='lat' dir='ltr'>parum</span> <span class='ocrx_word' id='word_1_212' title='bbox 747 2349 1014 2415; x_wconf 60' lang='lat' dir='ltr'>constabat„</span> <span class='ocrx_word' id='word_1_213' title='bbox 1063 2350 1356 2401; x_wconf 88' lang='lat' dir='ltr'>colonorum</span> <span class='ocrx_word' id='word_1_214' title='bbox 1377 2349 1571 2403; x_wconf 85' lang='lat' dir='ltr'>additus</span> <span class='ocrx_word' id='word_1_215' title='bbox 1593 2367 1770 2405; x_wconf 82' lang='lat' dir='ltr'>nume·</span> 
     </span>
     <span class='ocr_line' id='line_1_29' title="bbox 268 2428 1766 2496; baseline 0.001 -16"><span class='ocrx_word' id='word_1_216' title='bbox 268 2446 369 2495; x_wconf 70' lang='grc' dir='ltr'>ωε,</span> <span class='ocrx_word' id='word_1_217' title='bbox 403 2444 617 2496; x_wconf 81' lang='lat' dir='ltr'>agerque</span> <span class='ocrx_word' id='word_1_218' title='bbox 640 2428 699 2477; x_wconf 85' lang='lat' dir='ltr'>iis</span> <span class='ocrx_word' id='word_1_219' title='bbox 732 2428 864 2485; x_wconf 80' lang='lat' dir='ltr'>bello</span> <span class='ocrx_word' id='word_1_220' title='bbox 886 2429 1297 2495; x_wconf 82' lang='lat' dir='ltr'>interemptorum</span> <span class='ocrx_word' id='word_1_221' title='bbox 1320 2429 1594 2494; x_wconf 83' lang='lat' dir='ltr'>affignatus.</span> <span class='ocrx_word' id='word_1_222' title='bbox 1662 2433 1766 2482; x_wconf 82' lang='lat' dir='ltr'>Sic-</span> 
     </span>
     <span class='ocr_line' id='line_1_30' title="bbox 273 2504 1771 2573; baseline -0.001 -17"><span class='ocrx_word' id='word_1_223' title='bbox 273 2509 420 2567; x_wconf 78' lang='lat' dir='ltr'>citate</span> <span class='ocrx_word' id='word_1_224' title='bbox 443 2523 504 2557; x_wconf 91' lang='lat' dir='ltr'>eo</span> <span class='ocrx_word' id='word_1_225' title='bbox 526 2522 661 2556; x_wconf 86' lang='lat' dir='ltr'>anno</span> <span class='ocrx_word' id='word_1_226' title='bbox 696 2505 960 2573; x_wconf 76' lang='lat' dir='ltr'>plurimum</span> <span class='ocrx_word' id='word_1_227' title='bbox 994 2504 1276 2560; x_wconf 86' lang='lat' dir='ltr'>laboratum</span> <span class='ocrx_word' id='word_1_228' title='bbox 1310 2506 1410 2555; x_wconf 86' lang='lat' dir='ltr'>est:</span> <span class='ocrx_word' id='word_1_229' title='bbox 1443 2521 1536 2561; x_wconf 80' lang='lat' dir='ltr'>nec</span> <span class='ocrx_word' id='word_1_230' title='bbox 1559 2508 1771 2562; x_wconf 67' lang='lat' dir='ltr'>coelestes</span> 
     </span>
     <span class='ocr_line' id='line_1_31' title="bbox 272 2578 1772 2647; baseline -0.002 -17"><span class='ocrx_word' id='word_1_231' title='bbox 272 2580 424 2635; x_wconf 80' lang='lat' dir='ltr'>modo</span> <span class='ocrx_word' id='word_1_232' title='bbox 443 2580 706 2631; x_wconf 85' lang='lat' dir='ltr'>defuerunt</span> <span class='ocrx_word' id='word_1_233' title='bbox 734 2595 887 2646; x_wconf 83' lang='lat' dir='ltr'>aquae‚</span> <span class='ocrx_word' id='word_1_234' title='bbox 922 2578 1004 2629; x_wconf 89' lang='lat' dir='ltr'>sed</span> <span class='ocrx_word' id='word_1_235' title='bbox 1021 2586 1156 2629; x_wconf 78' lang='lat' dir='ltr'>‘terra</span> <span class='ocrx_word' id='word_1_236' title='bbox 1178 2594 1391 2647; x_wconf 76' lang='lat' dir='ltr'>quoque,</span> <span class='ocrx_word' id='word_1_237' title='bbox 1426 2582 1649 2647; x_wconf 86' lang='lat' dir='ltr'>ingenito</span> <span class='ocrx_word' id='word_1_238' title='bbox 1671 2586 1772 2637; x_wconf 81' lang='lat' dir='ltr'>hu-</span> 
     </span>
     <span class='ocr_line' id='line_1_32' title="bbox 277 2654 1773 2723; baseline 0 -17"><span class='ocrx_word' id='word_1_239' title='bbox 277 2671 418 2723; x_wconf 65' lang='lat' dir='ltr'>more</span> <span class='ocrx_word' id='word_1_240' title='bbox 439 2671 599 2722; x_wconf 78' lang='lat' dir='ltr'>egens,</span> <span class='ocrx_word' id='word_1_241' title='bbox 632 2657 727 2712; x_wconf 79' lang='lat' dir='ltr'>vix</span> <span class='ocrx_word' id='word_1_242' title='bbox 749 2656 811 2710; x_wconf 87' lang='lat' dir='ltr'>ad</span> <span class='ocrx_word' id='word_1_243' title='bbox 850 2671 1084 2722; x_wconf 82' lang='lat' dir='ltr'>perennes</span> <span class='ocrx_word' id='word_1_244' title='bbox 1107 2654 1296 2706; x_wconf 81' lang='lat' dir='ltr'>suffecit</span> <span class='ocrx_word' id='word_1_245' title='bbox 1315 2673 1500 2711; x_wconf 81' lang='lat' dir='ltr'>amnes.</span> <span class='ocrx_word' id='word_1_246' title='bbox 1551 2658 1773 2714; x_wconf 57' lang='lat' dir='ltr'>descetus</span> 
     </span>
    </p>
   </div>
   <div class='ocr_carea' id='block_1_2' title="bbox 263 2733 1873 2803">
    <p class='ocr_par' dir='ltr' id='par_1_3' title="bbox 263 2733 1873 2803">
     <span class='ocr_line' id='line_1_33' title="bbox 263 2733 1873 2803; baseline 0.006 -21"><span class='ocrx_word' id='word_1_247' title='bbox 263 2734 399 2789; x_wconf 12' lang='lat' dir='ltr'>talibi</span> <span class='ocrx_word' id='word_1_248' title='bbox 433 2748 669 2803; x_wconf 81' lang='lat' dir='ltr'>aquarum</span> <span class='ocrx_word' id='word_1_249' title='bbox 701 2735 831 2784; x_wconf 86' lang='lat' dir='ltr'>circa</span> <span class='ocrx_word' id='word_1_250' title='bbox 863 2733 1078 2787; x_wconf 82' lang='lat' dir='ltr'>torridos</span> <span class='ocrx_word' id='word_1_251' title='bbox 1114 2733 1277 2786; x_wconf 81' lang='lat' dir='ltr'>sontes</span> <span class='ocrx_word' id='word_1_252' title='bbox 1297 2733 1528 2802; x_wconf 84' lang='lat' dir='ltr'>rivosque</span> <span class='ocrx_word' id='word_1_253' title='bbox 1559 2737 1775 2802; x_wconf 84' lang='lat' dir='ltr'>stragem</span> <span class='ocrx_word' id='word_1_254' title='bbox 1862 2752 1873 2767; x_wconf 87' lang='lat'><em>·</em></span> 
     </span>
    </p>
   </div>
   <div class='ocr_carea' id='block_1_3' title="bbox 276 2809 1771 3187">
    <p class='ocr_par' dir='ltr' id='par_1_4' title="bbox 276 2809 1771 3110">
     <span class='ocr_line' id='line_1_34' title="bbox 277 2809 1770 2881; baseline 0.005 -22"><span class='ocrx_word' id='word_1_255' title='bbox 277 2809 356 2867; x_wconf 73' lang='lat' dir='ltr'>liti</span> <span class='ocrx_word' id='word_1_256' title='bbox 379 2826 613 2876; x_wconf 89' lang='lat' dir='ltr'>pecorum</span> <span class='ocrx_word' id='word_1_257' title='bbox 631 2811 947 2866; x_wconf 82' lang='lat' dir='ltr'>morientium</span> <span class='ocrx_word' id='word_1_258' title='bbox 969 2809 1137 2866; x_wconf 82' lang='lat' dir='ltr'>dedit:</span> <span class='ocrx_word' id='word_1_259' title='bbox 1173 2809 1335 2864; x_wconf 83' lang='lat' dir='ltr'>scabie</span> <span class='ocrx_word' id='word_1_260' title='bbox 1355 2811 1452 2862; x_wconf 83' lang='lat' dir='ltr'>alia</span> <span class='ocrx_word' id='word_1_261' title='bbox 1473 2812 1731 2881; x_wconf 87' lang='lat' dir='ltr'>absumpta</span> <span class='ocrx_word' id='word_1_262' title='bbox 1750 2827 1770 2866; x_wconf 68' lang='grc' dir='ltr'><strong><em>ε</em></strong></span> 
     </span>
     <span class='ocr_line' id='line_1_35' title="bbox 276 2887 1769 2957; baseline 0.002 -20"><span class='ocrx_word' id='word_1_263' title='bbox 276 2889 569 2952; x_wconf 81' lang='lat' dir='ltr'>vulgatique</span> <span class='ocrx_word' id='word_1_264' title='bbox 592 2887 816 2943; x_wconf 71' lang='lat' dir='ltr'>contastu</span> <span class='ocrx_word' id='word_1_265' title='bbox 838 2889 889 2938; x_wconf 89' lang='lat' dir='ltr'>in</span> <span class='ocrx_word' id='word_1_266' title='bbox 918 2889 1141 2940; x_wconf 85' lang='lat' dir='ltr'>homines</span> <span class='ocrx_word' id='word_1_267' title='bbox 1161 2889 1340 2953; x_wconf 88' lang='lat' dir='ltr'>morbi,</span> <span class='ocrx_word' id='word_1_268' title='bbox 1375 2890 1427 2940; x_wconf 67' lang='grc' dir='ltr'>ἃ</span> <span class='ocrx_word' id='word_1_269' title='bbox 1449 2892 1611 2957; x_wconf 84' lang='lat' dir='ltr'>primo</span> <span class='ocrx_word' id='word_1_270' title='bbox 1639 2893 1691 2941; x_wconf 83' lang='lat' dir='ltr'>in</span> <span class='ocrx_word' id='word_1_271' title='bbox 1712 2905 1769 2940; x_wconf 84' lang='lat' dir='ltr'>a·</span> 
     </span>
     <span class='ocr_line' id='line_1_36' title="bbox 278 2963 1770 3034; baseline 0.003 -23"><span class='ocrx_word' id='word_1_272' title='bbox 278 2963 456 3034; x_wconf 81' lang='lat' dir='ltr'>grestes</span> <span class='ocrx_word' id='word_1_273' title='bbox 489 2963 769 3025; x_wconf 86' lang='lat' dir='ltr'>ingruerant</span> <span class='ocrx_word' id='word_1_274' title='bbox 801 2963 1115 3030; x_wconf 80' lang='lat' dir='ltr'>servitiaque.</span> <span class='ocrx_word' id='word_1_275' title='bbox 1161 2964 1278 3015; x_wconf 85' lang='lat' dir='ltr'>urbs</span> <span class='ocrx_word' id='word_1_276' title='bbox 1309 2964 1485 3015; x_wconf 86' lang='lat' dir='ltr'>deinde</span> <span class='ocrx_word' id='word_1_277' title='bbox 1516 2965 1770 3031; x_wconf 86' lang='lat' dir='ltr'>impletur.</span> 
     </span>
     <span class='ocr_line' id='line_1_37' title="bbox 279 3037 1771 3110; baseline -0.001 -14"><span class='ocrx_word' id='word_1_278' title='bbox 279 3041 388 3096; x_wconf 62' lang='lat' dir='ltr'>Nec</span> <span class='ocrx_word' id='word_1_279' title='bbox 427 3039 643 3108; x_wconf 79' lang='lat' dir='ltr'>corpora</span> <span class='ocrx_word' id='word_1_280' title='bbox 659 3037 812 3093; x_wconf 73' lang='lat' dir='ltr'>modo</span> <span class='ocrx_word' id='word_1_281' title='bbox 843 3039 1015 3096; x_wconf 69' lang='lat' dir='ltr'>affecta</span> <span class='ocrx_word' id='word_1_282' title='bbox 1052 3041 1188 3110; x_wconf 82' lang='lat' dir='ltr'>tabo,</span> <span class='ocrx_word' id='word_1_283' title='bbox 1222 3039 1305 3095; x_wconf 78' lang='lat' dir='ltr'>sed</span> <span class='ocrx_word' id='word_1_284' title='bbox 1342 3041 1530 3095; x_wconf 82' lang='lat' dir='ltr'>animos</span> <span class='ocrx_word' id='word_1_285' title='bbox 1568 3050 1771 3109; x_wconf 80' lang='lat' dir='ltr'>quoque</span> 
     </span>
    </p>

    <p class='ocr_par' dir='ltr' id='par_1_5' title="bbox 513 3114 1769 3187">
     <span class='ocr_line' id='line_1_38' title="bbox 513 3114 1769 3187; baseline 0.002 -16"><span class='ocrx_word' id='word_1_286' title='bbox 513 3114 516 3121; x_wconf 54' lang='grc'><strong><em>’</em></strong></span> <span class='ocrx_word' id='word_1_287' title='bbox 956 3117 1005 3172; x_wconf 77' lang='lat' dir='ltr'>L</span> <span class='ocrx_word' id='word_1_288' title='bbox 1038 3129 1069 3181; x_wconf 77' lang='grc'><strong><em>3</em></strong></span> <span class='ocrx_word' id='word_1_289' title='bbox 1595 3114 1769 3187; x_wconf 53' lang='lat' dir='ltr'>mum}</span> 
     </span>
    </p>
   </div>
  </div>
 </body>
</html>
