2092 3734
263 201 359 240 212
776 185 1241 237 T.L1V11

256 273 388 326 mnis
415 272 659 323 exercitus
697 274 858 340 praeda
877 275 1141 341 potiretur.
1200 279 1249 324 V
1252 273 1380 324 istor
1395 273 1620 340 Agrippa
1638 282 1752 323 eum

258 361 432 401 mutua
452 351 780 414 gratulatione
797 351 859 401 ad
878 350 1117 401 victorem
1137 351 1376 415 collegam
1397 351 1642 415 castraque
1665 350 1755 399 ho·

254 428 398 479 stium
440 429 600 479 venit.
645 430 716 479 ibi
756 430 923 497 paucis
960 428 1352 489 defendentibu&
1396 439 1754 491 momentoque

257 504 391 569 fusis,
425 503 524 554 fine
561 507 827 555 certamine
859 507 913 556 in
949 505 1249 555 munitiones
1288 505 1565 571 irrumpunt
1581 522 1597 567 ς
1631 519 1756 570 prae·

258 583 419 648 daque
452 584 642 647 ingenti
669 594 957 651 compotem
984 583 1274 645 exercitum,
1308 579 1404 630 suis
1433 582 1584 630 etiam
1608 580 1755 631 rebus

258 660 573 728 recuperatiS,
608 675 716 725 quae
755 661 1077 727 populatione
1109 673 1343 724 agrorum
1381 656 1558 708 amiffae
1598 667 1756 722 erant,

260 737 522 788 reducunt.
593 739 929 806 Triumphum
952 755 1043 788 nec
1077 737 1208 804 ipsos
1247 735 1517 804 postulasse,
1551 753 1643 787 nec
1671 736 1757 785 de-

261 814 418 864 latum
441 815 499 865 iis
535 815 599 863 ab
621 813 807 880 senatu,
837 816 1031 883 accipio
1053 833 1065 863 ι
1102 830 1194 863 nec
1215 813 1425 863 traditur
1446 812 1589 864 causa
1612 812 1762 881 spreti
1836 853 1845 858 -

262 904 350 945 aut
374 909 475 944 non
499 893 676 960 sperati
699 894 918 943 honoris.
988 896 1098 957 Ego
1121 901 1359 957 quantum
1379 892 1432 940 in
1455 901 1596 942 tanto
1613 893 1762 941 inter·
1840 933 1851 940 .

262 969 402 1020 vallo
425 980 705 1036 temporum
729 969 963 1033 conjicio,
977 984 1133 1033 quum
1154 968 1357 1017 Valerio
1373 977 1521 1034 atque
1543 969 1761 1018 Horatio

263 1048 563 1111 consulibus,
598 1051 684 1115 qui
701 1060 875 1116 praeter
896 1048 1105 1100 Volscos
1128 1048 1178 1096 δε
1201 1049 1390 1111 AEquos
1423 1045 1587 1096 Sabini
1608 1047 1764 1098 etiam

260 1123 377 1176 belli
417 1124 618 1192 per-festi
658 1126 869 1190 gloriam
905 1133 1213 1190 pepererant,
1248 1132 1453 1186 negatus
1489 1123 1554 1172 ab
1590 1120 1762 1174 senatu

263 1204 543 1271 triumphus
564 1201 695 1267 effer,
729 1202 1038 1253 verecundiae
1065 1201 1162 1250 fuit
1189 1216 1282 1268 pro
1302 1211 1442 1267 parte
1467 1198 1670 1252 dimidia
1689 1215 1766 1251 re·

263 1297 378 1334 rum
400 1281 681 1333 consulibus
701 1294 865 1350 petere
886 1281 1228 1347 triumphum:
1263 1271 1521 1344 ne'etiatn,
1553 1279 1588 1329 si
1610 1280 1768 1347 impe-

266 1357 478 1424 traffent,
511 1360 668 1425 magis
690 1360 955 1411 hominum
978 1358 1126 1423 ratio,
1159 1361 1311 1424 quam
1335 1361 1644 1423 meritorum,
1677 1356 1773 1408 ha-

265 1435 375 1489 bita
396 1438 669 1489 videretur.

333 1519 532 1567 LXXI.
570 1517 846 1569 Vistoriam
888 1515 1156 1580 honestam,
1204 1527 1272 1566 ex
1308 1513 1525 1566 hostibus
1555 1523 1779 1584 partam,¹

207 1623 214 1632 ·
267 1603 413 1661 turpe
440 1591 578 1645 domi
606 1594 667 1645 de
706 1594 888 1645 finibus
926 1593 1178 1645 sociorum
1203 1590 1444 1655 judicium
1477 1592 1652 1660 populi
1679 1590 1773 1641 de·-

267 1671 531 1726 formavit.
599 1674 793 1724 Aricini
824 1684 974 1739 atque
1014 1672 1251 1722 Ardeates
1280 1668 1342 1719 de
1373 1670 1620 1735 ambiguo
1640 1661 1769 1735 agro,

269 1766 429 1817 quum
468 1750 589 1818 saepe
614 1751 743 1802 bello
784 1749 1054 1814 certassent,
1086 1749 1254 1799 multis
1288 1749 1526 1799 invicem
1549 1747 1770 1800 cladibus

269 1828 389 1893 festi,
418 1829 640 1894 judicem
661 1830 898 1897 populum
927 1834 1210 1880 Romanum
1242 1842 1433 1895 cepere.
1504 1830 1678 1892 Quum
1703 1825 1770 1878 ad

269 1904 471 1956 causam
486 1906 724 1956 orandam
745 1906 1001 1970 veniss'ent,
1036 1905 1253 1976 concilio
1275 1903 1447 1972 populi
1467 1908 1498 1955 a
1522 1904 1772 1969 magistra-

271 1984 405 2035 tibus
442 1984 578 2050 dato,
611 1985 791 2049 magna
823 1985 1144 2035 contentione
1173 1979 1352 2032 astum.
1382 1981 1584 2048 jamque
1627 1982 1784 2033 editis,

273 2061 490 2126 testibus,
525 2077 680 2128 quum
706 2062 864 2116 tribus
886 2062 1078 2126 vocari,
1110 2060 1162 2111 &
1188 2060 1429 2127 populum
1457 2061 1582 2109 inire
1599 2057 1772 2112 suffra.

274 2141 415 2206 gium
448 2150 718 2207 oporteret,
752 2141 1004 2205 consurgit
1040 2142 1097 2190 P.
1138 2138 1361 2204 Scaptius
1388 2136 1449 2187 de
1479 2137 1638 2205 plebe,
1669 2153 1776 2189 ma·

274 2232 379 2283 gno
402 2229 554 2269 natu:
590 2219 658 2283 &,
694 2220 742 2268 Si
769 2220 883 2283 licet,
917 2219 1096 2284 inquit,
1129 2215 1325 2278 consules,
1358 2214 1410 2263 de
1430 2214 1645 2282 republica
1663 2215 1776 2265 dice·

273 2312 341 2358 re,
375 2312 521 2345 errare
553 2313 629 2363 ego
639 2296 843 2363 populum
865 2297 911 2345 in
925 2294 1003 2346 hac
1017 2295 1141 2360 causta
1161 2310 1241 2344 non
1256 2292 1425 2358 patiar.
1446 2311 1463 2318 ”
1496 2295 1682 2357 Quum,
1715 2302 1776 2343 ut

277 2388 484 2435 vanum,
518 2388 633 2421 eum
652 2383 888 2436 negarent
910 2370 1131 2421 consules
1158 2367 1458 2420 audiendum
1491 2367 1600 2433 effe,
1634 2369 1776 2419 voci-

275 2449 631 2514 ferantemque,
657 2449 787 2516 prodi
819 2448 1036 2515 publicam
1074 2450 1260 2516 causant,
1304 2446 1592 2498 submoveri
1623 2443 1778 2511 justis·
1850 2502 1858 2508 ‚

278 2524 402 2589 sent,
436 2527 663 2577 tribunos
695 2526 927 2593 appellat.
999 2526 1235 2590 Tribuni,
1267 2536 1325 2575 ut
1352 2522 1452 2575 fere
1484 2523 1675 2591 semper
1701 2538 1779 2573 re-

280 2614 465 2669 guntur
486 2621 515 2654 a
536 2603 849 2655 multitudine
877 2606 1051 2670 magis,
1084 2611 1232 2672 quam
1254 2614 1448 2668 regunt,
1482 2602 1658 2654 dedere
1688 2617 1776 2654 cu·

282 2679 409 2749 pidae
442 2680 672 2731 audiendi
700 2681 849 2749 plebi,
881 2692 953 2745 ut,
988 2698 1096 2748 quae
1123 2682 1288 2745 vellet,
1322 2681 1540 2748 Scaptius
1572 2681 1777 2731 diceret.

249 2749 254 2758 ⁵
279 2759 365 2811 Ibi
388 2759 514 2822 infit,
550 2759 729 2809 Annum
745 2760 797 2826 se
817 2761 993 2811 tertium
1021 2760 1076 2811 οβ’
1092 2759 1379 2828 offogqlimum
1394 2775 1538 2826 agere,
1573 2760 1628 2812 θ
1657 2761 1703 2810 in
1730 2773 1780 2810 eo

281 2851 403 2901 agro,
436 2836 487 2885 de
522 2851 598 2902 quo
636 2837 797 2903 agitur,
831 2835 1042 2902 militdffl,
1076 2854 1156 2885 non
1184 2838 1412 2901 juvenem,
1444 2834 1648 2904 vicesima
1673 2837 1778 2904 jam

273 2911 498 2979 stipendia
520 2923 768 2978 merentem,
799 2931 924 2981 quum
946 2915 1005 2963 ad
1028 2913 1211 2964 Coriolos
1233 2914 1294 2980 fit
1310 2912 1527 2964 bellacum.
1597 2914 1668 2963 Eo
1681 2930 1780 2963 rem

269 2988 328 3056 se
358 2990 569 3060 vetustate
603 2988 884 3059 obliteratam,
917 2994 1104 3045 ceteram
1124 2992 1212 3061 sua
1249 2991 1459 3043 memoria
1478 2991 1669 3058 infixam,
1702 2989 1779 3055 af-

1604 3066 1735 3135 ferre
1749 3082 1775 3122 .·
