2092 3734
740 254 1253 317 LrnER'm.
1626 238 1746 331 '192

323 351 469 404 LIV.
504 353 757 418 Facerent,
791 364 850 403 ut
882 353 1084 416 vellent,
1120 349 1518 419 permittentibus
1555 355 1759 423 mactis,

257 445 390 484 mox
409 429 651 480 redituros
685 429 732 478 se
754 430 903 494 legati
931 430 1077 479 rebus
1094 427 1318 497 perfectis
1338 428 1597 480 affirmant.
1634 435 1762 483 Pro—

256 506 373 557 festi
413 523 569 573 quum
589 506 821 556 mandata
850 506 1005 573 plebis
1048 506 1272 556 Patribus
1301 506 1647 573 exposuissent,
1676 507 1764 559 alii

254 582 543 648 decemviri,
581 582 982 649 quandoquidem
1026 590 1204 649 praetcr
1232 581 1367 650 spem
1396 582 1617 651 ipsorum
1646 583 1762 652 sup-

254 661 394 728 plicii
423 661 497 711 sui
520 661 653 710 nulla
672 660 862 710 mentio
890 659 1046 723 ficret,
1082 660 1214 710 haud
1237 659 1503 727 quicquam
1524 660 1764 713 abnuere.

150 736 156 740 ’
260 740 474 806 ΑΡΡίιιε,
508 740 637 788 truci
670 739 871 804 ingenio
910 736 1176 789 &invidia
1209 738 1472 805 praecipua,
1507 737 1680 789 odium
1711 740 1767 791 in

258 817 311 869 sc
337 819 551 867 aliorum
575 817 661 868 suo
691 816 743 866 in
782 831 868 866 cos
904 816 1116 866 metiens
1148 814 1286 880 odio,
1320 816 1457 865 Haud
1486 817 1653 883 ignaro,
1688 818 1766 869 in-

258 894 389 961 quit,
423 894 621 942 imminet
629 892 831 958 fortuna.
898 892 1045 956 Video,
1079 892 1207 941 donec
1232 908 1360 941 arma
1379 892 1646 958 adversariis
1667 904 1766 944 tra·

257 970 432 1035 dantur,
454 970 622 1034 differri
640 970 847 1036 adversus
867 985 939 1019 nos
959 978 1193 1020 certamen.
1211 970 1372 1019 dandus
1390 970 1566 1019 invidia
1586 970 1647 1036 est
1654 973 1766 1038 san-

179 1085 186 1089 .
242 1050 369 1118 guis.
405 1047 550 1099 Nihil
564 1065 616 1097 ne
637 1064 712 1117 ego
732 1047 898 1114 quidem
921 1063 1080 1111 moror,
1113 1061 1191 1114 quo
1212 1047 1352 1097 minus
1368 1048 1664 1098 decemviratu
1683 1047 1763 1101 ab.

250 1143 367 1177 eam.
438 1125 640 1196 Fastnm
661 1123 1151 1187 senatusconsultum,
1186 1126 1254 1174 Ut
1274 1125 1513 1175 decemviri
1529 1128 1583 1194 se
1608 1128 1762 1194 primo

252 1220 409 1271 quoque
428 1212 622 1269 tempore
648 1200 906 1269 magistratu
924 1198 1186 1250 abdicarent.
1255 1201 1322 1290 2
1363 1201 1524 1251 Furius
1554 1204 1763 1270 pontufex

254 1282 472 1331 maximus
494 1280 679 1329 tribunos
694 1277 834 1346 plebis
854 1287 1037 1329 crem-et.
1092 1278 1142 1329 δε
1164 1294 1216 1328 ne
1236 1280 1305 1327 cui
1330 1278 1491 1343 fraudi
1512 1279 1609 1345 effi-t
1618 1283 1761 1348 seces-⁸·

245 1357 315 1423 fio
336 1358 520 1406 militum
537 1356 765 1424 plebisque.
832 1356 924 1406 His
951 1355 1376 1406 senatuiconsultis
1405 1356 1645 1424 perfestiS,
1680 1359 1761 1409 di-

205 1470 214 1474 -
256 1434 401 1486 miffo
421 1433 606 1498 senatu,
642 1434 915 1485 decemviri
955 1433 1204 1502 prodeunt
1238 1434 1290 1483 in
1324 1436 1636 1500 concionem,
1671 1436 1764 1487 ab·

254 1513 519 1579 dicantque
558 1512 608 1562 se
666 1512 969 1576 magistratu,
1021 1512 1211 1576 ingenti
1255 1512 1516 1564 hominum
1566 1513 1758 1566 laetitia.

254 1591 570 1643 Nunciantur
590 1590 695 1639 haec
734 1588 886 1657 plebi.
933 1588 1122 1653 legatos
1154 1588 1391 1654 quicquid
1426 1589 1477 1638 in
1511 1590 1634 1640 urbe
1661 1591 1759 1642 ho·

254 1670 446 1720 minum
479 1666 731 1735 supererat
765 1665 1095 1733 prosequitur.
1166 1667 1299 1716 Huic
1345 1666 1651 1718 multitudini
1675 1669 1758 1720 lae-

252 1759 305 1798 ta
327 1747 423 1797 alia
444 1745 591 1796 turba
612 1760 678 1794 cx
701 1744 862 1793 castris
892 1744 1129 1794 occurrit.
1183 1743 1588 1808 congratulantur
1609 1745 1760 1796 liber-

254 1834 410 1875 tatem
436 1820 856 1888 concordiamque
884 1820 1080 1871 civitati
1110 1819 1395 1870 restitutam.
1464 1822 1642 1885 Legati
1664 1838 1765 1891 pro

254 1893 527 1951 concione:
564 1898 694 1965 2ιιοά
710 1899 878 1959 bonum,
897 1896 1116 1963 faustum,
1128 1897 1325 1963 felixque
1345 1895 1411 1961 fit
1442 1895 1580 1963 vobis,
1613 1901 1761 1968 reique

246 1979 439 2046 publice,
470 1978 609 2029 redite
645 1976 691 2025 in
726 1977 923 2042 patriam
966 1975 1026 2024 ad
1048 1983 1247 2042 penates,
1280 1975 1490 2042 conjuges,
1533 1975 1760 2046 hbet-osque

252 2055 421 2120 vestros
436 2073 454 2104 .·
480 2054 576 2121 fid,
608 2054 690 2120 qud
724 2054 795 2103 bic
813 2052 1015 2117 modestia
1024 2052 1195 2117 fuistis,
1229 2052 1300 2103 ubi
1332 2053 1483 2103 nullius
1503 2071 1609 2122 ager
1629 2058 1674 2107 in
1694 2066 1765 2109 tot

255 2150 405 2184 rerum
427 2134 501 2199 usic
536 2130 752 2198 necqffario
784 2140 909 2181 tantae
928 2131 1193 2181 multitudini
1212 2134 1274 2196 est
1305 2131 1510 2196 violatus,
1544 2135 1640 2183 ea'm
1662 2152 1761 2185 mo-

255 2211 436 2275 destiam
453 2210 579 2275 ferte
600 2210 645 2258 in
680 2206 841 2258 urbem.
888 2211 935 2258 in
957 2210 1237 2259 Aventinum
1265 2212 1339 2274 ite,
1374 2212 1483 2259 unde
1497 2211 1687 2278 profeffi
1707 2229 1759 2263 e-

240 2287 360 2355 stis
416 2286 489 2336 Ibi
499 2287 630 2353 felici
650 2286 750 2349 loco,
782 2287 853 2337 nbi
869 2286 1021 2352 prima
1043 2288 1170 2337 initia
1198 2288 1419 2353 inchoastis
1440 2286 1651 2340 libertatis
1671 2306 1759 2342 ve-

240 2368 356 2433 stre,
390 2364 580 2416 tribunos
604 2363 723 2431 plebi
742 2363 957 2414 creabitis.
1002 2365 1157 2431 praesto
1177 2367 1265 2417 em’t
1293 2366 1496 2433 pontifex
1522 2369 1756 2436 maximus,

249 2448 321 2513 qui
340 2446 515 2496 comitia
542 2437 710 2493 babeat.
780 2446 961 2508 Ingens
981 2441 1191 2494 astiensus
1223 2435 1542 2512 alacritasque
1576 2448 1755 2501 cunsta.

249 2519 634 2590 approbantium
656 2517 1147 2569 suit.conve11unt
1180 2519 1296 2570 inde
1329 2519 1480 2587 figna,
1515 2523 1757 2590 profesti·

248 2615 347 2666 que
369 2602 584 2649 Romam
623 2605 817 2647 certant
856 2610 971 2646 cum
992 2596 1161 2647 obviis
1194 2598 1396 2662 gaudio.
1444 2601 1623 2651 armati
1661 2616 1756 2670 pet

244 2678 420 2729 urbem
436 2676 629 2727 silentio
652 2676 705 2725 in
722 2675 1032 2725 Aventinum
1055 2678 1370 2743 perveniunt.
1389 2677 1461 2729 ibi
1478 2680 1754 2749 extemplo,

246 2756 487 2824 pontifice
505 2755 736 2805 maximo
751 2752 956 2803 comitia
977 2754 1207 2820 habente,
1225 2755 1452 2807 tribunos
1468 2756 1624 2825 plebis
1641 2772 1752 2808 crc-

249 2843 479 2898 avetunt,
512 2832 738 2882 omnium
755 2831 974 2899 primum
998 2832 1065 2881 A.
1089 2833 1392 2900 virginium,
1425 2834 1541 2885 inde
1566 2837 1629 2885 L.
1649 2835 1752 2885 Ici-

246 2910 387 2973 lium,
424 2909 476 2959 δε
496 2911 551 2959 Ρ.
587 2910 931 2959 Numitorium
958 2910 1263 2961 avunculum
1286 2911 1543 2977 Virginiae‚
1577 2910 1751 2962 austo-

244 3001 325 3038 rcs
364 2984 650 3037 seceffionis.
720 2990 861 3036 Tum
898 2989 957 3036 C.
996 2984 1247 3052 Sicinium,
1300 2989 1588 3056 progeniem
1621 2987 1748 3051 ejus,

245 3078 395 3136 quem
415 3063 639 3133 primum
661 3062 917 3121 tribunum
933 3061 1092 3133 plebis
1119 3076 1338 3126 creatum
1361 3066 1414 3120 in
1430 3069 1578 3122 Sacro
1596 3078 1747 3122 mon-

981 3142 1012 3196 1
1672 3150 1743 3211 te,
