2092 3734
279 223 382 289 204
807 222 883 275 T.
948 222 996 276 L
1028 224 1057 275 1
1089 228 1139 275 V
1172 224 1199 276 1
1233 223 1263 275 1

279 317 437 381 rante,
485 311 564 366 De
592 311 812 381 Patribus,
856 333 938 366 non
973 317 1025 366 de
1060 315 1257 381 hostibus,
1295 312 1476 381 consules
1513 312 1783 382 triumphare

278 394 425 455 velle5
454 393 728 461 gratiamque
744 406 827 460 pro
860 396 1045 461 privato
1077 396 1229 444 merito
1252 394 1297 443 in
1330 391 1560 457 tribunum,
1593 408 1674 442 non
1696 403 1782 458 pro

278 472 448 520 virtute
469 469 680 533 honorem,
711 473 826 537 peti.
873 488 1082 538 nunquam
1105 477 1204 524 ant?
1224 469 1275 518 de
1307 467 1523 534 triumpho
1538 480 1622 533 per
1639 479 1783 534 popu-

278 544 370 595 lum
388 545 548 610 astum,
560 547 736 613 simper
754 547 1065 611 estimationem
1086 546 1388 611 arbitriumque
1409 546 1497 610 ejus
1519 543 1680 593 honoris
1698 554 1782 607 pe-

280 636 355 672 nes
364 624 566 689 senatum
579 622 723 691 fuiffl.
770 640 823 674 ne
841 639 962 691 regis
990 622 1159 690 quidem
1191 620 1455 686 majestatem
1475 620 1637 686 summi
1662 619 1777 678 ordi5-

281 700 351 750 nis
372 698 639 768 imminuiffi'.
688 718 741 751 ne
774 702 840 751 ita
862 702 1003 751 omnia
1022 700 1183 750 tribuni
1196 698 1423 765 potestatis
1431 700 1519 765 sua
1539 696 1787 763 implerent,

283 783 335 826 ut
354 776 510 826 nullum
525 775 970 850 publicumconstlium
996 776 1184 843 stnerent
1216 774 1311 842 ff·
1379 778 1459 825 Ita
1485 773 1653 822 demum
1677 771 1784 823 libe·
1865 765 1872 772 “

282 867 383 901 ram
404 856 630 904 civitatem
640 856 762 920 fore,
797 856 861 904 ita
892 863 1083 922 aquatus>
1103 854 1232 921 leges,
1253 852 1298 918 fi
1306 854 1391 919 sua
1411 852 1573 919 quisque
1581 851 1690 914 jura
1712 866 1785 899 or-

284 929 352 995 do,
372 931 503 996 fitam
527 932 787 997 majestatem
808 942 967 983 teneat.
1037 935 1097 981 In
1119 932 1324 982 eandem
1347 928 1636 979 sententiam
1656 928 1785 978 mul·

284 1015 336 1057 ta
360 1008 410 1057 ἃ
432 1014 460 1058 a
482 1011 655 1060 ceteris
686 1009 958 1062 senioribus
980 1011 1183 1060 Patrum
1209 1024 1363 1075 quum
1385 1005 1534 1057 essent
1556 1004 1701 1070 dieta,
1724 1022 1782 1055 o-

284 1099 423 1136 mnes
458 1087 615 1138 tribus
653 1105 763 1138 eam
798 1088 1111 1153 rogationem
1132 1093 1445 1152 acceperunt.
1517 1086 1656 1132 Tum
1681 1082 1782 1148 pri-

284 1165 443 1227 mum,
477 1163 574 1215 sine
596 1164 887 1240 aufioritate
908 1162 1118 1229 senatQS,
1151 1161 1325 1231 populi
1354 1159 1484 1225 juffu
1506 1160 1782 1227 triumpha-

283 1247 394 1289 tum
420 1240 501 1290 est.

350 1319 546 1370 LXIV.
573 1322 691 1372 Haec
713 1321 924 1372 viEtoria
946 1318 1260 1371 tribunorum
1283 1312 1532 1382 plebisque
1556 1315 1708 1381 prope
1731 1313 1786 1363 in

285 1391 419 1445 haud
441 1395 683 1449 salubrem
706 1399 957 1449 luxuriam
982 1396 1152 1458 vertit,
1177 1392 1535 1460 conspiratione
1558 1392 1684 1439 inter
1702 1392 1789 1440 tri-

284 1471 447 1523 bunos
470 1474 611 1538 fasta,
646 1487 703 1527 ut
729 1477 880 1530 iidem
902 1473 1092 1525 tribuni
1114 1470 1445 1533 reficerentur,
1481 1468 1546 1530 ἃ,
1572 1483 1672 1534 quo
1698 1468 1784 1518 sua

284 1549 449 1600 minus
474 1553 715 1619 cupiditas
744 1555 996 1616 emineret,
1032 1548 1310 1600 consulibus
1333 1562 1530 1612 quoque
1553 1548 1784 1596 continu·-

194 1625 199 1630 ’
285 1637 427 1677 arent
454 1630 806 1695 magistratum.
880 1625 1180 1680 Consensum
1216 1627 1414 1673 Pati-um
1442 1620 1784 1688 causabantur,

285 1720 389 1773 quo
413 1722 499 1773 per
534 1709 889 1759 contumeliam
927 1702 1184 1755 consulum
1217 1700 1329 1764 jura
1365 1698 1518 1766 plebis
1536 1697 1788 1750 labefacta

285 1782 454 1834 essent,
491 1788 613 1853 ,Qid
621 1791 843 1854 futurum,
876 1786 1056 1835 nondum
1066 1780 1260 1848 firmatis
1289 1776 1459 1846 legibus,
1483 1775 1528 1844 fi
1544 1791 1676 1825 novos
1697 1777 1759 1826 tri
1767 1804 1782 1816 ο

284 1860 411 1913 bunos
426 1874 511 1928 per
521 1864 737 1927 faHiones
746 1868 852 1931 suas
873 1862 1050 1929 confides
1072 1859 1209 1908 adorti
1231 1854 1393 1924 efflent?
1427 1871 1506 1903 non
1528 1856 1639 1903 enim
1661 1855 1784 1920 fim-

276 1950 365 2007 per
386 1939 577 1991 Valerios
600 1943 878 2009 Horatio-{qtae
896 1939 1073 2007 consules
1090 1937 1212 2002 fore,
1246 1935 1314 2001 qui
1334 1930 1519 1982 libertati
1534 1931 1673 1999 plebis
1680 1932 1788 1998 suas

283 2027 385 2083 opes
399 2016 677 2084 postferrent.
748 2021 897 2068 Forte
919 2013 1130 2082 quadam
1151 2012 1261 2061 utili
1285 2008 1346 2060 ad
1375 2020 1583 2075 tempuS,
1616 2017 1675 2057 ut
1696 2024 1787 2057 co-

286 2092 438 2142 mitiis
462 2092 692 2160 praeeffet,
727 2092 1027 2162 potiffimum
1050 2092 1127 2139 M.
1160 2086 1332 2138 Duilio
1355 2083 1483 2134 sorte
1501 2082 1684 2147 evenit,
1704 2083 1786 2133 vi·

286 2184 346 2221 ro
369 2170 613 2238 prudenti,
647 2172 697 2223 &
719 2187 783 2223 ex
806 2168 1176 2222 continuatione
1210 2163 1514 2228 magistratus
1537 2160 1782 2214 invidiam

290 2247 633 2302 imminentem
655 2251 890 2312 cernenti.
937 2248 1022 2313 qui
1046 2260 1198 2312 quum
1217 2258 1282 2292 ex
1305 2241 1552 2290 veteribus
1575 2240 1786 2290 tribunis

287 2338 495 2392 ,negaret
531 2329 675 2377 ullius
715 2326 764 2377 se
803 2327 1045 2376 rationem
1080 2321 1380 2381 habiturum,
1415 2326 1784 2385 pugnarentque

290 2405 508 2469 collegae,
542 2416 599 2453 ut
636 2404 810 2453 liberas
848 2397 1005 2452 tribus
1031 2398 1084 2448 in
1121 2395 1405 2459 suffragium
1425 2394 1658 2455 mitteret,
1693 2401 1780 2442 aut

290 2473 581 2533 concederet
604 2479 784 2530 sortem
807 2477 1127 2528 comitiorum
1150 2473 1361 2537 collegis,
1400 2471 1638 2522 habituris
1664 2472 1690 2520 ὲ
1711 2470 1782 2519 le-

289 2575 352 2626 ge
375 2559 542 2626 potius
566 2557 781 2617 comitia,
805 2559 950 2619 quam
973 2568 1039 2601 ex
1063 2550 1316 2600 voluntate
1341 2550 1572 2609 Patrurn3
1606 2545 1786 2611 injeffi

289 2636 623 2699 contentione,
644 2632 854 2694 Duilius,
872 2627 1092 2680 consules
1109 2627 1170 2676 ad
1188 2624 1409 2675 subsellia
1422 2624 1605 2673 accitos
1630 2639 1787 2689 quum

286 2708 643 2775 interrogaffet,
679 2707 797 2775 quid
823 2704 882 2755 de
913 2703 1125 2755 comitiis
1158 2700 1489 2751 consularibus
1524 2700 1573 2749 in
1612 2700 1785 2752 animo
1848 2713 1857 2716 “

293 2790 544 2853 haberent,
578 2782 1041 2853 respondissentque,
1076 2779 1124 2829 se
1160 2793 1322 2828 novos
1355 2775 1572 2830 consules
1595 2786 1786 2828 creatu-

291 2884 391 2933 ros,
424 2863 645 2917 auRores
673 2860 922 2930 popularis
961 2853 1207 2907 sententiae
1241 2852 1372 2903 haud
1406 2852 1666 2921 populares
1696 2869 1784 2903 na·

293 2946 414 3010 Rus,
448 2945 500 2993 in
520 2942 813 3000 concionem
836 2951 948 2986 cum
977 2935 1035 2984 iis
1058 2930 1296 3001 proceffit.
1365 2930 1463 2994 Ubi
1486 2945 1639 2995 quum
1663 2945 1783 2981 con.

209 3045 222 3056 ‘
293 3022 436 3091 sales,
469 3015 694 3091 produ&
711 3013 777 3073 ad
800 3012 1060 3083 populum,
1093 3005 1496 3075 interrogatique,
1530 3004 1667 3057 ficos
1674 3022 1803 3131 {503

1638 3098 1681 3152 p,
1729 3095 1782 3134 us

2084 909 2087 922 —
2078 707 2092 834 ..κ
