2092 3734
280 180 454 222 222‘
806 170 878 223 T.
947 169 1265 223 L1v11

280 268 412 324 cant,
445 257 543 308 sine
579 260 831 312 mentione
859 262 1193 328 promulgatae
1229 260 1349 326 legis
1389 260 1450 313 de
1490 259 1777 314 consulibus

280 332 501 385 creandis
523 350 588 384 ex
612 337 766 403 plebe,
800 338 850 387 δε
885 339 1095 404 imperio
1122 338 1178 386 ἃ
1214 338 1479 401 infignibus
1509 338 1776 388 consulari-

280 410 372 461 bus
394 411 527 461 usos.
597 415 898 463 Nontamen
923 430 1016 480 pro
1038 413 1268 463 firmato
1247 429 1352 476 jam
1375 413 1502 463 stetit
1525 414 1775 479 magistra-

281 491 359 540 tus
382 491 486 554 ejus
505 489 607 552 jus;
646 491 763 556 quia
798 492 945 541 tertio
963 492 1146 555 mense,
1181 496 1328 556 quam
1350 492 1582 554 inierunt,
1616 505 1773 555 augu-

241 559 246 564 ’
278 581 389 618 rum
413 567 629 633 decret0,
664 567 865 635 perinde
902 584 960 617 ac
996 568 1127 618 vitio
1161 568 1328 631 creati,
1361 569 1553 618 honore
1575 567 1737 617 abiere
1755 583 1773 628 3

280 644 412 710 quod
453 648 509 693 C.
551 644 764 708 Curtius,
798 645 884 711 qui
908 645 1123 710 comitiis
1162 659 1335 694 eorum
1373 644 1650 712 praefuerat,
1687 659 1774 710 pa-

280 733 391 769 rum
414 718 538 769 reste
560 720 925 770 tabernaculum
950 722 1166 785 cepisset.
1203 721 1380 784 Legati
1404 720 1468 770 ab
1492 718 1656 769 Ardea
1673 722 1776 769 Ro-

279 812 414 849 mam
436 808 693 861 venerunt,
726 798 797 848 ita
828 797 889 848 de
917 797 1105 861 injuria
1141 808 1415 863 querentes,
1447 806 1522 861 ut,
1556 795 1591 846 fi
1614 795 1776 846 deme-

279 887 416 927 retur
436 891 510 940 ea,
545 875 595 924 in
619 875 798 925 foedere
820 887 969 941 atque
1003 876 1223 925 amicitia
1251 875 1520 938 mansuros,
1555 875 1780 925 restituto

278 968 420 1018 πετο,
455 962 728 1019 apgareret.
743 959 756 962 “
800 953 883 1001 Ab
920 950 1092 1002 senatu
1129 950 1417 1018 responsum
1454 951 1537 1015 est,
1559 951 1777 1015 judicium

272 1031 424 1099 populi
444 1030 620 1096 rescindi
603 1029 690 1078 aab
699 1030 855 1096 senatu
870 1045 952 1080 non
971 1029 1104 1096 poffe,
1132 1036 1412 1119 prteterquam
1433 1028 1539 1095 quad
1569 1027 1678 1077 nullo
1700 1042 1777 1077 nec

277 1107 468 1174 exemplo
498 1123 573 1157 nec
593 1109 699 1172 jure
718 1109 867 1173 fieret,
898 1108 1119 1156 concordiae
1140 1105 1271 1157 etiam
1290 1106 1484 1155 ordinum
1511 1106 1656 1154 causa.
1725 1104 1780 1154 Si

274 1185 499 1242 Ardeates
518 1186 603 1251 sua
632 1194 825 1251 tempora
846 1184 1086 1250 exspeHare
1106 1184 1261 1246 velint,
1294 1182 1596 1250 arbitriumque
1604 1180 1779 1247 J‘enatui

276 1261 504 1316 levandae‘
487 1263 649 1327 mjuriae
673 1264 762 1329 fiaae
790 1263 1071 1327 permittant,
1093 1261 1218 1324 fore,
1250 1269 1299 1310 ut
1313 1258 1529 1326 postmodo
1542 1258 1779 1326 gaudeant,

268 1343 322 1408 fi
343 1340 414 1387 ἱνα
435 1339 702 1400 moderatam
723 1340 958 1405 sciantque,
981 1337 1183 1387 Patribus
1204 1342 1310 1403 aqu?
1328 1351 1433 1385 curae
1443 1336 1591 1402 fuiffl,
1623 1351 1676 1384 ne
1696 1351 1782 1402 qna

279 1415 482 1481 injuria
465 1432 511 1464 tn
549 1432 613 1465 eos
634 1416 833 1478 oriretur,
868 1430 919 1463 ac
938 1429 991 1463 ne
1010 1423 1106 1463 orta
1127 1407 1326 1462 diuturita
1348 1397 1459 1479 effit.
1513 1415 1592 1460 Ita
1612 1411 1780 1476 legati,

281 1508 437 1559 quum
458 1491 507 1542 se
528 1508 633 1543 rem
656 1494 900 1557 integram
928 1492 1169 1541 relaturos
1189 1489 1434 1554 dixissent,
1468 1489 1674 1539 comiter
1702 1488 1777 1537 di·

195 1625 200 1633 ,
281 1571 425 1621 missi.
494 1573 711 1636 Patricii,
744 1586 899 1637 quum
922 1569 1019 1619 fine
1060 1568 1218 1619 curuli
1239 1567 1519 1631 magistram
1541 1565 1777 1632 respubli-

278 1665 340 1698 ca
380 1647 508 1712 effet,
559 1651 741 1713 coiere,
779 1649 828 1699 ἃ
868 1649 1164 1711 interregem
1202 1660 1450 1696 creavere.
1497 1645 1777 1709 contende,

279 1726 583 1804 consulesne,
615 1744 679 1778 an
703 1727 887 1777 tribuni
911 1726 1125 1775 militurn
1161 1735 1460 1787 crearentur,
1494 1738 1547 1789 in
1571 1722 1776 1773 interre-

282 1821 384 1874 gno
409 1821 512 1855 rem
534 1806 635 1856 dies
676 1806 951 1872 complures
986 1804 1161 1854 tenuit.
1231 1807 1456 1853 Interrex
1489 1816 1546 1851 ac
1569 1801 1779 1866 senatus,

283 1882 540 1933 consulum
563 1885 795 1942 comitia,
831 1883 1015 1931 tribuni
1037 1882 1193 1948 plebis
1215 1881 1265 1931 8(
1287 1881 1439 1949 plebs,
1463 1879 1781 1931 tribunorum

282 1961 501 2010 militum
523 1972 580 2011 ut
600 1951 891 2024 habeantur,
923 1960 1150 2011 tendunt.
1189 1960 1430 2009 vicerunt
1451 1960 1632 2019 PatreS,
1661 1956 1778 2022 quia

283 2037 337 2087 ἃ
359 2038 509 2105 plebS,
546 2040 761 2107 patriciis
784 2038 868 2088 seu
889 2039 1033 2087 ,hunc
1064 2036 1153 2087 seu
1187 2037 1326 2086 illum
1360 2027 1579 2084 delatura
1611 2035 1776 2083 hono·

283 2129 406 2178 rem,
440 2116 612 2167 frustra
634 2128 818 2168 certare
853 2113 1149 2182 supersedit:
1185 2114 1235 2163 δε
1259 2113 1502 2179 principes
1539 2111 1692 2178 plebis
1717 2126 1776 2162 ea

281 2195 488 2244 comitia
505 2197 767 2260 malebant,
783 2195 963 2260 quibus
980 2210 1082 2243 non
1100 2193 1361 2242 haberetur
1376 2191 1503 2241 ratio
1521 2189 1609 2251 sui,
1627 2194 1776 2255 quam

282 2272 460 2336 quibus
482 2284 538 2322 ut
561 2275 749 2339 indigni
777 2273 1157 2339 praeterirentur.
1195 2271 1378 2319 tribuni
1403 2256 1597 2334 quoque
1620 2265 1796 2332 plebis,

282 2361 530 2401 certamen
561 2351 657 2401 sine
695 2349 870 2400 effestu
907 2352 959 2398 in
981 2347 1225 2400 beneficio
1260 2346 1388 2414 apud
1412 2346 1651 2412 primores
1682 2345 1774 2393 Pa-

282 2437 416 2480 trum
439 2428 690 2493 reliquero.
762 2431 833 2479 T.
862 2424 1121 2490 Quinftius
1154 2425 1387 2474 Barbatus
1415 2426 1630 2478 interrex
1653 2437 1775 2470 con·

282 2505 407 2566 sules
430 2516 561 2557 creat
582 2507 641 2555 L.
669 2505 920 2570 Papirium
949 2503 1299 2567 Mugillanum,
1333 2504 1395 2552 L.
1433 2499 1776 2566 sempronium

283 2582 585 2631 Atratinum.
656 2580 745 2629 His
774 2578 1053 2630 consulibus
1078 2594 1191 2627 curn
1209 2576 1500 2630 Ardeatibus
1523 2574 1677 2624 foedus
1700 2589 1776 2626 rc-

282 2649 528 2712 nov'atum
568 2657 649 2706 est.
699 2658 848 2722 idque
887 2656 1198 2709 monumenti
1241 2654 1323 2717 est,
1359 2653 1576 2706 consules
1611 2668 1694 2702 eos
1718 2652 1776 2701 il·

281 2737 333 2788 lo
356 2752 486 2786 anno
516 2732 668 2794 fuisse,
705 2735 789 2799 qui
827 2749 987 2798 neque
1023 2734 1078 2782 in
1118 2732 1375 2782 annalibus
1397 2730 1580 2798 priscis,
1614 2743 1776 2804 neque

282 2812 336 2864 in
358 2812 492 2861 libris
514 2808 882 2873 magistratuum
906 2806 1246 2857 inveniuntur.
1282 2804 1445 2868 cred0,
1470 2805 1603 2870 quod
1620 2805 1777 2855 tribu-

281 2892 337 2941 ni
369 2890 583 2938 militum
617 2887 762 2936 initio
802 2887 918 2940 anni
957 2885 1174 2947 fuerunt,
1208 2899 1287 2946 eo,
1323 2882 1525 2952 perinde
1545 2891 1602 2934 ac
1637 2884 1670 2933 si
1694 2894 1775 2933 to·

284 2976 392 3022 tum
414 2980 600 3021 annum
620 2964 672 3017 in
694 2964 906 3035 imperio
928 2961 1131 3028 fuerint,
1154 2959 1359 3018 suffeffis
1381 2961 1456 3014 his
1478 2962 1775 3030 consulibus,

1574 3049 1771 3132 praetet·
